2430 3990
388 160 463 217 cAP.
483 168 596 217 sa-sr.
629 167 776 228 §so-so.
1001 163 1063 227 191

54 323 124 389 tino
150 322 310 406 Archyta,
337 325 374 387 ut
402 323 534 408 opinor,
563 324 625 389 dici
653 323 787 389 solitum
813 328 943 388 nostros
972 346 1063 389 senes

54 432 309 479 commemorare
338 411 446 476 audivi
479 412 520 476 ab
557 412 630 476 aliis
664 413 795 476 senibus
827 412 986 477 auditum:
1019 412 1063 477 ‘si

54 500 141 584 quis
164 498 204 563 in
226 498 373 563 caelum
397 499 638 564 ascendisset
661 504 916 585 naturamque
935 500 1063 565 mundi

54 592 92 653 et
124 586 457 672 pulchritudinem
489 587 657 652 siderum
694 588 972 674 perspexisset,
1008 588 1063 652 in-

21 692 211 740 ,osuavem
233 674 345 739 illam
369 674 665 740 admirationem
692 677 727 740 ei
753 676 851 760 fore3
883 698 979 760 quae
1006 677 1063 741 iu-

53 761 291 832 cundissima
316 762 472 846 fuisset,
504 763 537 828 si
569 765 750 848 aliquem,
782 765 842 829 oui
868 768 1063 848 narraret,

51 849 280 918 habuisset?
317 848 370 915 Sic
392 856 510 916 natura
524 852 706 916 solitarium
718 852 801 916 nihil
816 856 905 916 amat
924 874 1063 938 semper-

54 961 117 1026 que
142 939 183 1004 sd
201 938 333 1022 aliquod
351 942 519 1023 tamquam
539 940 769 1006 adminiculum
788 941 958 1024 adnititur3
977 941 1062 1024 quod

52 1029 91 1093 in
113 1026 309 1092 amicissimo
334 1049 460 1111 quoque
484 1028 705 1093 dulcissimum
730 1033 788 1094 est.

10 1134 43 1177 co
122 1113 186 1180 Sed
208 1137 280 1180 cum
308 1119 359 1179 tot
387 1116 489 1201 signis
517 1117 628 1181 eadem
654 1121 779 1202 natura,
800 1116 953 1194 declaret,
985 1116 1063 1199 quid
1073 1115 1115 1180 24

54 1204 146 1287 velit,
168 1203 328 1287 anquirat,
351 1202 524 1288 desideret,
547 1208 656 1269 tamen
678 1204 936 1270 obsurdescimus
954 1204 1062 1269 nescio

54 1314 120 1378 quo
143 1291 240 1356 modo
261 1313 318 1356 nec
337 1313 383 1374 ea,
404 1313 485 1375 quae
504 1293 545 1356 ab
560 1315 598 1357 ea
613 1315 789 1376 monemur,
813 1293 970 1357 audimus.
1001 1291 1063 1356 Est

54 1380 143 1447 enim
165 1379 274 1444 varius
303 1384 336 1443 et
363 1381 534 1465 multiplex
561 1403 638 1446 usus
666 1381 844 1465 amicitiae,
878 1382 1062 1465 multaeque

10 1508 13 1523 ·
54 1489 172 1535 causae
196 1467 415 1551 suspicionum
439 1469 715 1553 offensionumque
739 1470 865 1554 dantur,
889 1474 1063 1553 questum

10 1556 193 1639 meritare,
224 1559 294 1619 tum
326 1557 465 1640 elevare,
496 1561 567 1621 tum
597 1556 682 1622 ferre
715 1557 871 1642 sapientis
905 1561 967 1640 est,
999 1579 1064 1621 uua

52 1644 117 1711 illa
138 1643 338 1709 sublevanda
360 1645 494 1709 offensio
518 1649 577 1727 est,
600 1649 637 1709 ut
661 1649 693 1710 et
715 1645 842 1709 utilitas
861 1646 895 1709 in
919 1645 1064 1710 amicitia

53 1737 89 1799 et
112 1731 191 1796 fides
213 1731 404 1796 retineatur:
427 1754 503 1796 nam
526 1737 559 1796 et
582 1732 732 1798 monendi
756 1734 851 1798 amici
871 1755 968 1818 saepe
988 1737 1064 1798 sunt

53 1825 89 1886 et
113 1819 316 1905 obiurgandi,
339 1823 372 1883 et
391 1820 471 1885 haee
490 1821 674 1905 accipienda
694 1821 803 1905 amice,
823 1844 896 1887 cum
914 1822 1063 1887 benivole

53 1909 148 1974 liunt.
192 1906 254 1972 Sed
277 1908 385 1973 nescio
410 1931 473 1993 quo
497 1910 592 1974 modo
615 1931 728 1975 verum
751 1914 810 1993 est,
834 1910 919 1993 quod
941 1911 976 1973 in
999 1910 1115 1973 Ausa

21 1997 129 2063 ”dria
149 1994 322 2060 familiaris
345 2017 435 2060 meus
460 1996 550 2062 dicit:

10 2086 13 2179 l
101 2081 335 2168 Obsequium
359 2085 515 2167 amieos,
538 2085 687 2149 ve'ritas
711 2084 837 2148 odium
861 2085 973 2168 parit.

10 2184 14 2283 'q
55 2172 198 2238 Molesta
219 2171 349 2254 veritas,
373 2172 531 2255 siquidem
554 2194 592 2236 ex
616 2194 654 2238 ea
672 2173 816 2237 nascitur
835 2171 953 2253 odium,
977 2171 1063 2254 quod

10 2292 14 2329 l
56 2264 108 2326 est
125 2280 284 2324 venenum
298 2260 468 2344 amicitiae,
487 2261 543 2325 sed
561 2261 751 2344 obsequium
766 2261 870 2325 multo
885 2260 1063 2344 molestius,

56 2348 144 2434 quod
157 2347 297 2431 peccatis
311 2347 482 2433 indulgens
497 2349 706 2434 praecipitem
722 2350 861 2414 amicum
879 2348 958 2414 ferri
972 2349 1063 2430 siuit;

22 2440 209 2507 &maxuma
232 2439 340 2499 autem
364 2437 460 2520 culpa
480 2437 515 2501 in
538 2459 592 2521 eo,
619 2438 675 2522 qui
703 2443 735 2502 et
757 2438 928 2503 veritatem
957 2458 1063 2520 asper-

55 2527 154 2589 natur
177 2523 266 2587 etin
288 2522 435 2589 fraudem
458 2525 612 2609 obsequio
635 2526 812 2610 inpellitur.
847 2525 943 2590 Omni
961 2525 1063 2611 igitur

55 2613 118 2677 hac
141 2610 176 2675 in
198 2632 232 2676 re
255 2611 405 2691 habenda
427 2613 512 2677 ratio
536 2617 569 2677 et
592 2613 763 2700 diligentia
785 2617 844 2697 est,
866 2614 1007 2699 primum
1026 2617 1063 2676 ut

56 2699 194 2767 monitio
227 2700 418 2783 acerbitate,
450 2701 563 2765 deinde
589 2706 627 2766 ut
654 2702 839 2787 obiurgatio
867 2701 1063 2766 contumelia

55 2791 181 2870 eareat,
202 2787 237 2851 in
260 2787 415 2871 obsequio
438 2792 560 2873 autem,
583 2789 735 2873 quoniam
750 2790 944 2869 Terentiano
963 2789 1062 2855 verbo

24 2876 209 2941 ”lubenter
231 2875 366 2960 utimur,
394 2877 530 2941 comitas
555 2877 654 2960 adsit,
682 2878 878 2960 adsentatio,
909 2878 1063 2943 vitiorum

56 2963 207 3046 adiutrix,
229 2964 343 3048 procul
362 2968 560 3048 amoveatur,
579 2986 660 3048 quae
677 2986 743 3029 nou
761 2966 857 3029 modo
877 2966 989 3048 amico,
1009 2965 1064 3029 sed

55 3074 96 3118 ne
119 3051 222 3116 libero
246 3051 375 3135 quidem
399 3052 498 3138 digna
521 3056 583 3135 est3
607 3054 702 3117 aliter
721 3053 806 3117 euim
825 3075 898 3119 cum
916 3058 1063 3136 tyranno,

56 3141 153 3206 aliter
176 3161 248 3205 eum
271 3139 375 3204 amieo
398 3141 527 3205 vivitur.
573 3139 671 3206 Cuius
695 3145 803 3206 sutem
822 3162 916 3206 aures
935 3141 1063 3206 clausae
1082 3157 1116 3206 90

56 3227 190 3295 veritati
208 3231 293 3311 sunt,
316 3231 353 3291 ut
372 3228 414 3293 ab
433 3229 536 3294 amico
550 3251 662 3295 verum
678 3229 787 3294 audire
801 3232 949 3314 nequeat,
967 3228 1063 3293 huius

25 3317 146 3382 *salus
170 3315 370 3400 desperanda
394 3321 453 3381 est.
490 3315 613 3383 Scitum
636 3322 687 3382 est
710 3318 795 3382 enim
817 3318 899 3382 illud
921 3315 1064 3400 Catonis,

56 3409 93 3471 ut
116 3406 235 3468 multa:
259 3404 414 3469 ‘melius
438 3406 481 3470 de
505 3406 733 3490 quibusdam
756 3407 915 3471 acerbos
938 3406 1064 3470 inimi·

10 3513 120 3953 ,aas
150 3493 292 3558 mereri
326 3514 442 3576 quam
471 3515 534 3557 eos
567 3495 724 3576 amieos,
757 3495 821 3578 qui
849 3494 978 3559 dulces
1009 3493 1064 3558 vi·
