2430 3990
418 186 493 241 CAP.
514 193 591 242 7-2.
628 191 644 252 3
663 191 775 241 24-80.
1035 187 1096 250 141

93 349 182 414 enim
205 350 275 412 erat
297 348 388 411 locus
411 346 494 410 alter
517 346 673 412 devitiis
696 344 897 432 senectutis),
923 366 989 411 non
1015 347 1098 430 plus,
1182 328 1185 333 ’

95 458 193 520 quam
204 435 390 500 adulescens
403 433 490 498 tauri
504 436 561 498 aut
575 433 740 518 elephanti
754 432 983 498 desiderabam.
1007 432 1098 508 Quod

95 528 155 607 est,
178 544 215 587 eo
239 523 329 588 dccet
351 521 399 586 uti
423 524 464 604 et,
487 521 639 604 quicquid
661 517 748 606 agas,
772 541 867 604 agere
889 541 949 604 pro
967 520 1098 586 viribus.

95 610 185 686 Quae
208 610 293 674 enim
314 631 377 676 vox
399 612 509 693 potest
533 630 601 672 esse
622 608 838 692 contemptior
856 630 954 691 quam
967 607 1099 673 Milonis

68 697 326 764 sOrotoniatae?
350 695 499 780 quicum
522 697 588 761 iam
611 717 706 761 senex
729 699 815 760 esset
838 696 1043 779 athletasque
1065 717 1099 761 se

96 789 279 851 exercentes
302 785 337 848 in
354 784 511 848 curriculo
529 784 662 870 videret,
685 783 847 868 aspexisse
866 785 1004 848 lacertos
1024 805 1099 848 suos

96 873 214 938 dicitur
226 873 498 956 inlacrimansque
512 871 642 936 dixisse:
660 870 727 935 ‘At
739 871 779 935 hi
794 871 944 956 quidem
958 873 1099 936 mortui

95 962 170 1026 iam
189 959 297 1026 sunt?
328 959 404 1025 Non
422 981 498 1025 vero
517 964 585 1024 tam
603 960 660 1024 isti
679 981 777 1043 quam
794 964 831 1024 tu
849 959 928 1043 ipse,
945 961 1099 1044 nugator!

95 1069 199 1133 neque
218 1047 303 1112 enim
321 1069 359 1112 ex
377 1051 410 1112 te
432 1070 586 1133 umquam
609 1069 642 1112 es
666 1047 867 1130 nobilitatus,
890 1045 946 1110 sed
965 1067 1002 1110 ex
1021 1048 1099 1111 late-

51 1158 82 1198 ro
97 1136 187 1201 ribus
215 1139 247 1200 et
274 1136 404 1200 lacertis
431 1135 506 1200 tuis.
550 1134 643 1199 Nihil
671 1131 741 1198 Sex.
768 1132 881 1198 Aelius
908 1134 989 1217 tale,
1017 1134 1100 1197 nihil

97 1224 210 1288 multis
229 1222 321 1288 annis
341 1226 415 1286 ante
433 1222 480 1286 Ti.
495 1221 723 1305 Coruncanius,
743 1221 826 1286 nihil
844 1222 939 1286 modo
958 1220 994 1285 P.
1008 1219 1100 1286 Cras·

98 1333 166 1395 sus,
193 1333 212 1375 a
236 1310 351 1394 quibus
374 1310 445 1375 iura
468 1310 591 1375 civibus
618 1309 933 1394 praescribebantu13
964 1330 1101 1393 quorum

97 1420 199 1482 usque
222 1398 262 1463 ad
286 1401 464 1463 extremum
487 1398 637 1482 spiritum
665 1401 715 1462 est
740 1400 894 1481 provecta
919 1397 1101 1481 prudentia.

98 1485 217 1551 Orator
231 1489 338 1550 metuo
353 1507 393 1550 ne
411 1486 601 1571 languescat
619 1488 795 1567 senectute3
814 1488 863 1549 est
882 1484 967 1549 enim
985 1483 1108 1549 munus¹
1120 1498 1152 1548 28

59 1594 85 1634 ss
99 1575 167 1640 eius
189 1595 255 1638 non
277 1572 400 1659 ingenii
422 1574 537 1658 solum,
560 1572 617 1637 sed
639 1573 778 1637 laterum
801 1572 900 1636 etiam
924 1576 956 1636 et
974 1572 1101 1636 virium.

99 1662 237 1729 Omnino
260 1682 413 1725 canorum
435 1660 517 1724 illud
539 1660 574 1724 in
598 1681 675 1726 voce
702 1659 897 1745 splendescit
924 1659 1021 1724 ctiam
1049 1681 1101 1724 ne

99 1750 166 1814 scio
199 1770 261 1832 quo
296 1752 391 1832 pacto
422 1747 457 1812 in
489 1750 668 1832 senectute,
704 1747 790 1832 quod
823 1747 970 1831 equidem
998 1747 1102 1812 adhuc

98 1858 164 1901 non
187 1835 294 1919 amisi,
326 1839 359 1900 et
385 1835 502 1901 videtis
530 1856 645 1919 annos3
672 1835 728 1900 sed
755 1839 865 1899 tamen
895 1839 945 1900 est
968 1835 1102 1901 decorus

100 1924 186 1988 senis
209 1944 314 1987 sermo
333 1923 460 2007 quietus
479 1927 511 1988 et
534 1923 701 2007 remissus,
723 1921 865 2007 facitque
892 1945 951 2007 per
974 1944 1007 1987 se
1029 1924 1103 2007 ipsa

61 2032 87 2072 ac
102 2012 164 2076 sibi
187 2009 383 2075 audientiam
410 2010 524 2075 diserti
547 2010 632 2075 senis
659 2014 791 2094 compta
820 2014 852 2073 et
875 2010 965 2073 mitis
989 2011 1102 2074 oratio.

101 2098 204 2174 Quam
228 2098 256 2161 si
277 2097 347 2180 ipse
370 2098 483 2180 exequi
509 2117 664 2180 nequeas,
690 2096 796 2180 possis
824 2100 934 2160 tamen
961 2093 1104 2180 Scipioni

100 2185 284 2271 praecipere
308 2187 340 2247 ct
363 2183 482 2248 Laelio.
523 2182 606 2259 Quid
629 2183 714 2248 enim
737 2188 787 2248 est
809 2183 975 2249 iucundius
1000 2205 1103 2249 senec-

100 2277 171 2338 tute
199 2272 322 2356 stipata
351 2271 466 2336 studiis
498 2271 697 2336 iuventutis?
730 2271 782 2335 An
808 2293 848 2336 ne
876 2271 950 2336 illas
975 2271 1103 2356 quidem
1123 2285 1154 2336 ss

101 2350 186 2427 iires
214 2359 372 2425 senectuti
398 2359 629 2442 relinquemus,
660 2363 697 2424 ut
729 2359 948 2426 adulescentes
982 2360 1103 2445 doceat,

63 2469 88 2510 as
102 2449 262 2532 instituat,
286 2447 326 2512 ad
345 2468 438 2512 omne
457 2447 555 2512 officii
573 2468 688 2512 munus
707 2447 869 2512 instruat?
894 2469 956 2532 quo
976 2448 1104 2532 quidem

103 2534 1104 2708 ztlstttt‘bldltulrtttllulffltl,blatii·
1155 2546 1157 2549 ’

182 2674 189 2688 .
650 2673 659 2707 ,
711 2674 716 2686 .
946 2674 952 2688 .
999 2673 1005 2688 .

103 2732 215 2795 canus,
242 2710 399 2775 comitatu
420 2710 579 2775 nobilium
601 2710 752 2776 iuvenum
774 2710 933 2776 fortunati
955 2711 1104 2777 rideban-

103 2806 170 2884 tur,
192 2820 250 2863 nec
273 2797 333 2862 ulli
356 2798 514 2863 bonarum
538 2798 657 2864 artium
679 2799 828 2884 magistri
850 2820 916 2864 non
938 2799 1027 2864 beati
1049 2821 1106 2883 pu·

65 2886 203 2970 rotandi,
217 2885 364 2969 quamvis
379 2886 603 2952 consenuerint
617 2886 701 2952 vires
716 2890 812 2971 atque
827 2886 1008 2952 defecerint.
1031 2885 1106 2952 Etsi

102 2977 175 3060 ipsa
200 2974 265 3038 ista
293 2972 428 3039 defectio
452 2973 569 3038 virium
597 2974 832 3040 adulescentiae
855 2975 944 3040 vitiis
968 2974 1106 3039 efficitur

104 3062 232 3146 saepius
264 3083 362 3145 quam
394 3062 581 3145 senectutis3
612 3062 785 3128 libidinosa
817 3062 901 3128 enim
934 3065 967 3128 et
993 3062 1106 3127 intem·

127 3170 220 3214 erana
253 3148 469 3214 adulescentia
501 3150 632 3215 effetum
663 3172 778 3236 corpus
809 3151 910 3215 tradit
940 3150 1105 3216 senectuti.

102 3174 207 3322 gyrus
232 3236 359 3320 quidem
382 3236 467 3322 apud
488 3236 735 3322 Xenophontem
758 3261 796 3304 eo
820 3260 980 3323 sermone,
1011 3253 1156 3322 quemad

64 3343 89 3384 sa
104 3325 246 3391 moriens
268 3324 396 3409 habuit,
420 3325 685 3400 cumadmodum
710 3349 804 3392 senex
827 3330 926 3410 esset,
947 3330 1048 3412 negat
1072 3348 1106 3390 se

102 3435 257 3497 umquam
281 3412 418 3477 sensisse
442 3417 637 3479 senectutem
662 3436 752 3480 suam
776 3414 1020 3480 imbecilliorem
1042 3413 1107 3479 fac·

102 3507 185 3585 tam,
218 3521 314 3585 quam
346 3500 564 3567 adulescentia
594 3501 717 3568 fuisset.
767 3502 838 3588 ligo
871 3502 907 3567 L.
938 3501 1106 3568 Metellum
