2422 4004
125 150 189 214 136
230 192 232 196 ,
362 147 456 203 CATO
475 147 593 202 MAIOR
611 147 660 200 Im
679 146 891 203 SENECTUTE

121 309 277 395 legimus,
310 331 406 392 quem
427 308 660 393 philosophum
686 329 752 372 non
775 309 1032 374 contemnimus?
1062 309 1130 376 Neo

122 419 200 464 vero
224 397 308 461 ille
299 419 334 460 m
352 399 422 462 luce
441 396 591 462 modot
556 400 591 461 at
592 418 653 480 que
671 396 706 460 in
725 396 872 460 oculis
846 397 964 462 civium
984 419 1131 483 magnus,

124 485 180 549 sed
203 484 291 549 intus
310 484 460 567 domique
471 483 707 584 praestantior,
740 482 801 558 Qui
815 505 930 567 sermo,
945 506 1026 584 quae
1041 509 1129 569 prae-

123 577 226 656 cepta,
245 575 368 655 quanta
382 572 477 635 notit
468 594 500 635 ιιι
515 571 731 655 antiquitatis,
746 572 903 636 scientia
894 572 974 635 ruris
989 574 1128 656 augurii!

121 660 246 724 Multae
270 659 423 741 etiam,u
424 659 495 722 tin
517 659 647 723 homine
670 659 828 743 Romano,
852 659 995 742 litterae,
1021 661 1156 725 omnias

122 746 279 811 memoria
302 746 434 810 tenebat
420 749 522 810 tnon
545 747 723 810 domestica
746 747 861 829 solum,
885 748 941 810 sed
963 746 1060 811 etiam
1080 771 1130 811 ex-

123 839 217 898 terna
240 833 336 897 bella.
383 831 480 897 Cuius
504 853 651 897 sermone
677 833 822 898 itatum
849 835 963 935 cupide
989 834 1130 919 fruebar,

83 921 218 1055 5quasi
232 921 298 984 iam
313 920 500 1004 divinarem,
522 920 556 984 id
569 921 655 1004 quod
677 921 793 1004 evenit,
811 921 944 985 illot
890 944 929 985 ex
930 922 1032 986 tincto
1051 922 1130 1005 fore,

88 1007 604 1170 dtttlttuttmttt·
623 1006 1076 1179 ,litttitltdtl
1061 1032 1130 1161 ,23¹2
1145 1117 1171 1156 ι

124 1184 213 1248 dictu
243 1184 394 1247 miseram
421 1183 521 1248 fuisse
549 1184 649 1248 talem
673 1186 879 1248 senectutem.
924 1183 992 1249 Nec
1020 1188 1130 1248 tamen

125 1292 236 1336 omnes
259 1274 396 1354 possunt
419 1291 489 1335 esse
512 1268 677 1354 Scipiones
702 1275 758 1335 aut
780 1271 923 1354 Maximi,
946 1275 983 1336 ut
1002 1272 1130 1336 urbium

124 1358 390 1442 expugnationes,
408 1361 444 1422 ut
461 1358 626 1442 pedestres
643 1358 816 1424 navalesve
835 1380 971 1443 pugnas,
989 1363 1027 1423 ut
1043 1360 1130 1423 bella

124 1468 145 1510 a
159 1466 193 1509 se
208 1449 309 1530 gesta,
327 1448 364 1508 ut
382 1444 565 1529 triumphos
581 1445 797 1509 recordentur.
829 1445 891 1509 Est
910 1447 1008 1509 etiam
1023 1446 1130 1528 quiete

124 1536 158 1597 et
180 1554 259 1616 pure
283 1536 379 1616 atque
404 1533 569 1618 eleganter
593 1537 683 1596 actae
708 1533 825 1597 aetatis
843 1533 972 1616 placida
990 1556 1027 1599 ac
1046 1534 1128 1597 lenis
1145 1554 1171 1593 ιι

21 1661 23 1666 -
124 1624 282 1704 senectus,
307 1621 435 1703 qualem
454 1620 635 1704 accepimus
657 1618 815 1704 Platonis,
839 1620 894 1703 qui
912 1642 976 1685 uno
992 1624 1025 1684 et
1043 1624 1129 1685 octo-

125 1708 249 1793 gesimo
273 1730 358 1772 anno
382 1708 525 1773 scribens
553 1710 603 1772 est
625 1711 786 1790 mortuus,
815 1708 943 1790 qualem
965 1707 1129 1790 Isocratis,

124 1795 181 1878 qui
195 1817 268 1859 eum
282 1795 409 1878 librum,
420 1795 475 1878 qui
484 1795 742 1859 Panathenaicus
752 1795 948 1878 inscribitur,
968 1799 1084 1877 quarto
1096 1799 1129 1859 et

123 1882 335 1967 nonagesimo
355 1904 439 1946 anno
459 1883 626 1966 scripsisse
646 1903 680 1946 se
699 1882 777 1946 dicit
795 1882 939 1964 vixitque
954 1883 1128 1965 quinquen·

123 1970 214 2034 nium
227 1974 356 2054 postca3
374 1970 463 2034 cuius
478 1970 636 2054 magister
649 1969 825 2034 Leontinus
841 1968 980 2054 Gorgias
999 1974 1129 2035 centum
1144 1991 1170 2029 ιι

125 2061 158 2122 et
190 2061 315 2142 septem
346 2057 521 2141 complevit
553 2079 654 2122 annos
686 2078 789 2140 neque
821 2079 975 2140 umquam
1001 2057 1036 2120 in
1070 2079 1128 2122 suo

124 2145 231 2210 studio
256 2149 353 2229 atque
377 2167 472 2229 opere
496 2145 642 2211 cessavit.
683 2144 754 2228 Qui,
777 2166 850 2210 cum
873 2166 911 2209 ex
934 2166 972 2210 θο
997 2166 1128 2228 quaere-

122 2237 222 2316 retur,
245 2255 301 2298 cur
319 2237 388 2297 tam
407 2233 461 2296 diu
480 2233 578 2298 vellet
597 2253 666 2297 esse
684 2232 718 2296 in
736 2232 820 2298 vita:
844 2231 886 2296 ‘N
892 2232 965 2295 ihil
985 2232 1129 2317 habeo',

123 2321 243 2402 inquit,
276 2319 385 2403 ‘quod
414 2340 587 2384 accusem
619 2318 876 2384 senectutem'
921 2319 1129 2384 Praeclarum

72 2424 106 2473 14
123 2429 315 2491 responsum
338 2410 371 2470 et
394 2405 488 2471 docto
511 2406 641 2470 homine
658 2406 806 2506 dignum.
850 2403 915 2470 Sua
938 2408 1024 2471 enim
1048 2408 1129 2473 vitia
1143 2428 1168 2466 ιι

123 2495 313 2578 insipientes
338 2497 370 2557 θι
389 2516 481 2558 suam
504 2493 664 2594 culpam
655 2516 689 2556 1n
719 2496 849 2558 seneen
828 2497 917 2558 utem
945 2494 1130 2585 conferimt3

122 2582 211 2735 quod
241 2603 307 2645 non
337 2580 477 2646 faciebat
463 2582 550 2665 tis,
581 2582 671 2647 cuius
704 2580 799 2646 modo
831 2581 1028 2647 mentionem
1049 2568 1129 2667 feci,

153 2690 262 2734 nmus:

169 2755 275 2821 Sicut
293 2755 412 2821 fortis
431 2777 562 2840 equus,
586 2756 714 2840 spatio
734 2756 799 2839 qui
818 2777 931 2840 saepe
950 2777 1128 2841 supremo

168 2843 275 2908 Vicit
288 2842 478 2927 Olympia,
496 2865 594 2909 nuno
613 2843 720 2908 senio
739 2842 937 2908 confectus
953 2843 1128 2927 quiescit.
1142 2864 1167 2903 sc

124 2931 210 3015 Equi
227 2931 323 2996 fortis
344 2936 377 2994 et
390 2931 523 2995 victoris
542 2930 699 2998 senectuti
715 2934 883 3015 comparat
897 2953 997 2995 suam.
1026 2929 1128 3006 Quem

125 3020 254 3103 quidem
277 3019 378 3103 probe
401 3019 585 3082 meminisse
607 3018 760 3102 potestis3
783 3040 867 3083 anno
891 3020 976 3082 enim
999 3018 1128 3083 undevi-

125 3107 266 3172 censimo
289 3111 365 3190 post
388 3106 456 3170 cius
479 3110 565 3170 mort
567 3128 617 3170 em
642 3106 677 3169 hi
695 3107 859 3189 eonsules,
878 3104 913 3170 Τ
926 3105 1127 3170 Flamininus

125 3198 158 3259 et
180 3193 232 3258 Μ’.
250 3192 385 3276 Acilius,
407 3193 486 3257 facti
510 3197 594 3275 sunt,
570 3193 673 3258 tille
696 3197 804 3257 autem
828 3191 1041 3277 Caepmne
1008 3214 1025 3257 θ
1026 3192 1127 3256 tPhi·

12 3276 19 3290 ⁶
123 3283 214 3367 lippo
233 3281 351 3345 iterum
368 3281 553 3345 consulibus
572 3285 719 3344 mortuus
739 3284 797 3363 est,
816 3301 888 3344 curn
908 3301 968 3364 ego
988 3279 1128 3364 quinque
1143 3299 1167 3340 ss

124 3374 157 3433 θι
176 3369 346 3454 sexaginta
364 3390 465 3434 annos
484 3391 527 3432 na
528 3372 580 3432 tus
595 3369 701 3452 legem
715 3366 893 3432 Voconiam
912 3388 1032 3453 magna
1050 3390 1128 3432 voce

123 3457 260 3521 etbonis
275 3456 431 3520 latenbus
442 3477 538 3521 suasi
557 3454 619 3520 sed
629 3477 730 3520 annos
741 3455 949 3540 septuagrnta
957 3459 1054 3520 natus
1064 3453 1129 3540 (tot
