2430 3990
126 138 190 238 208
355 238 361 249 ι
531 168 732 224 emmoni.

126 336 176 398 est
199 332 284 396 enim
306 331 465 396 libertas?
500 330 661 395 -Potestas
684 330 825 414 vivendi,
854 333 899 393 ut.
913 329 1004 396 velis.
1052 328 1067 393 t

125 420 228 507 igitur
250 419 345 504 vivit,
371 422 408 484 ut
426 419 509 502 volt,
536 418 600 482 nisi
623 418 678 501 qui
700 422 786 483 reete
804 417 910 482 vivit?
933 417 989 501 qui
1013 438 1067 502 gar

126 507 243 592 officio,
265 507 316 574 oui
338 506 467 572 vivendi
488 505 543 570 via
565 506 768 571 considerata
796 509 893 589 atque
912 506 1051 589 'provisa

80 601 82 604 ⁴
127 597 182 680 qui
204 617 245 660 ne
267 595 394 679 legibus
418 594 546 678 quidem
569 597 703 677 propter
726 597 848 657 metum
870 598 973 677 paret,
997 593 1054 656 sed

128 683 272 767 sequitur
291 687 323 746 et
341 681 428 765 colit,
449 681 525 764 qnia
542 681 575 744 id
594 683 737 745 salutare
755 702 826 745 esse
844 681 983 745 maxime
1002 680 1067 744 iudi

128 771 183 855 qui
204 770 296 834 nihil·
311 769 400 852 dicit,
427 769 509 832 nihil
532 767 625 852 11111,
651 769 734 832 nihil
762 769 887 853 cogitat
910 768 1046 852 denique

39 863 43 872 '
126 858 275 922 lubenter
297 879 335 923 11
356 858 467 939 tibere,
490 857 579 920 ouius
599 857 706 920 omnia
725 857 860 922 consilia
878 877 992 939 resque
1011 878 1067 920 om

128 967 208 1029 quas
232 945 330 1032 gerit,
357 946 398 1010 ab
425 944 498 1029 ipso
524 943 772 1029 proficiscuntur
792 942 969 1027 'eodemque
992 944 1067 1007 refe]¹

128 1036 194 1117 tur,
225 1055 283 1098 neo
315 1037 366 1098 est
392 1033 461 1097 ulla
487 1053 552 1116 res,
585 1053 666 1115 quae
693 1033 767 1116 plus
795 1032 880 1116 apud
908 1053 981 1096 eum
1008 1033 1066 1115 pol

8 1166 11 1172 ·
128 1144 226 1206 quam
256 1121 359 1205 ipsius
390 1121 543 1186 voluntas
580 1123 676 1203 atque
712 1118 878 1201 iudicium3
893 1188 897 1194 ,
915 1120 967 1184 oui
1004 1120 1067 1201 quir

128 1208 238 1291 etiam,
271 1229 353 1290 quae
384 1208 450 1272 vim
476 1208 595 1272 habere
623 1207 796 1271 maximam
826 1207 955 1289 dieitur,
986 1205 1067 1271 Fort

127 1297 199 1380 ipsa
216 1295 310 1374 cedit,
328 1295 365 1378 si,
383 1300 420 1360 ut
438 1295 681 1380 sapienspoeta
703 1295 796 1378 dixit,
820 1294 913 1359 ‘suis
936 1294 979 1359 ea
997 1296 1067 1359 eun

106 1383 296 1468 lingitur
327 1382 518 1447 moribus?
557 1380 638 1466 ‚Soli
666 1383 768 1468 igitur
797 1383 859 1447 hoo
891 1383 1053 1467 contingit

127 1471 239 1556 pienti,
261 1474 298 1535 ut
321 1470 402 1534 nihil
424 1471 524 1535 faeiat
545 1471 676 1554 invituS,
698 1471 780 1535 nihil
800 1471 920 1553 dolens,
942 1471 1067 1535 nihilo

75 1576 108 1626 35
127 1563 190 1623 tus.
235 1557 327 1633 Quod
349 1559 412 1623 etsi
433 1559 482 1623 ita
505 1579 574 1623 esse
601 1559 749 1641 pluribus
776 1558 883 1623 verbis
912 1558 1067 1622 disserent

128 1650 186 1730 est,
209 1641 291 1710 illud
313 1650 424 1711 tamon
446 1650 479 1711 et
501 1647 598 1710 breve
622 1649 654 1710 et
677 1646 894 1717 confitendum
911 1651 970 1728 est,
992 1646 1057 1710 nisi

116 1726 176 1798 ’111
198 1733 242 1797 sit
265 1732 418 1818 adfectus,
442 1755 511 1798 esse
534 1734 672 1797 liberum
690 1735 860 1816 neminem.
896 1733 1002 1818 Igitur
1021 1754 1067 1797 011

126 1821 268 1905 improbi
295 1822 388 1886 servi.
433 1820 502 1886 Neo
528 1821 589 1885 hoo
616 1826 686 1885 tam
712 1843 748 1885 re
775 1825 826 1885 est
853 1843 951 1904 quam
974 1821 1062 1885 dictu

128 1909 296 1993 opinatum
324 1912 420 1992 atque
447 1908 604 1973 mirabile.
648 1907 725 1972 Non
752 1909 838 1972 enim
864 1910 912 1973 ita
939 1908 1050 1974 dicunt

128 2018 198 2061 esse
221 2018 339 2079 servos,
362 2000 399 2060 ut
423 1996 591 2080 mancipia,
615 2018 696 2079 quae
720 2001 795 2060 sunt
819 1996 1022 2061 dominorum
1045 1996 1067 2061 fr

126 2106 208 2149 nexo
223 2088 279 2148 aut
293 2084 401 2167 aliquo
415 2084 484 2149 inre
498 2084 595 2162 civili,
613 2084 677 2167 sed,
696 2084 724 2147 si
743 2085 880 2149 servitus
900 2083 953 2166 sit,
971 2084 1055 2148 siout

127 2171 331 2236 oboedientia
352 2172 449 2236 fracti
471 2172 571 2236 animi
594 2175 627 2235 et
650 2172 767 2236 abiecti
780 2175 818 2254 et
836 2171 972 2236 arbitrio
991 2193 1067 2237 aare]

127 2280 196 2343 suo,
211 2261 282 2343 quis
296 2263 394 2344 neget
408 2280 519 2324 omnes
532 2260 628 2342 teres,
643 2279 754 2324 omnes
768 2259 910 2344 cupidos
924 2260 1067 2342 omnesd

75 2327 108 2450 ,2,
128 2367 189 2430 que
216 2347 382 2430 improbos
410 2367 479 2411 esse
507 2345 639 2410 servos?
684 2345 738 2410 An
764 2347 820 2411 ille
848 2347 929 2412 mihi
956 2348 1050 2430 liber,

34 2480 35 2484 ,
61 2452 64 2458 ·
127 2433 243 2498 mulier
265 2433 417 2519 imperat,
440 2433 491 2498 cui
513 2433 602 2516 leges
625 2434 776 2519 imponit,
799 2435 1003 2519 praeseribit,
1032 2436 1065 2499 iu

126 2525 224 2606 vetat,
244 2522 329 2605 quod
342 2521 490 2587 videtur?
510 2521 565 2605 qui
583 2521 665 2585 nihil
683 2522 857 2606 imperanti
874 2544 994 2608 negare
1012 2528 1067 2607 pot

125 2609 208 2673 nihil
231 2630 378 2674 recusare
402 2608 519 2674 audet?
563 2609 681 2693 Poscit,
705 2610 844 2675 dandum
868 2614 930 2693 est3
953 2615 1059 2694 vocat,

125 2696 277 2761 niendum
292 2701 354 2780 est3
373 2697 455 2781 eicit,
471 2697 666 2781 abeundum3
684 2697 835 2782 minatur,
851 2699 1067 2763 extimescend

100 2806 103 2810 ·
125 2783 198 2870 Ego
222 2804 298 2850 vero
321 2785 420 2848 istum
443 2806 509 2849 non
531 2785 792 2867 modo'servum‚
820 2786 876 2851 sed
897 2786 1067 2869 nequissin

126 2892 263 2957 servum,
282 2872 410 2938 etiamsi
427 2872 461 2938 in
476 2872 677 2959 amplissima
692 2873 819 2948 familia
835 2877 932 2938 natus
951 2874 1003 2957 sit,
1023 2898 1067 2959 ap

97 3042 101 3048 ,
125 2959 258 3024 landum
276 2964 364 3044 puto.
389 2960 504 3044 ‘Atque
522 2960 557 3025 in
574 2961 646 3045 pari
664 2962 807 3026 stultitia
825 2966 908 3044 sunt,
928 2984 1008 3045 quos
1027 2964 1067 3048 sip

126 3069 206 3130 quos
224 3049 364 3132 tabulae,
388 3069 468 3131 quos
487 3050 647 3113 caelatum
666 3053 846 3134 argentum,
865 3071 946 3134 quos
961 3048 1067 3115 Corinl

110 3155 232 3220 opera,
256 3157 337 3219 quos
360 3135 505 3201 aedificia
527 3133 707 3223 magnifica
721 3137 822 3202 nimio
844 3159 940 3223 opere
960 3138 1065 3203 deleot

125 3221 183 3285 ‘At
206 3223 337 3309 sumus',
359 3224 475 3310 inquit,
497 3223 669 3309 ‘principes
693 3223 854 3290 civitatis?
899 3224 968 3290 Vos
992 3248 1068 3292 vero

74 3327 103 3373 a:
125 3331 352 3376 conservorum
380 3311 508 3395 quidem
535 3317 717 3378 vestrorum
744 3313 905 3397 principes
935 3314 1023 3378 estis.

124 3402 162 3461 ut
184 3398 219 3462 in
241 3421 360 3485 magna
382 3399 509 3464 familia
530 3405 605 3465 sunt
624 3400 686 3464 alii.
699 3401 864 3484 lautiores,
886 3402 1005 3480 utsibi
1024 3402 1067 3466 vi<

123 3488 186 3568 tur,
205 3488 298 3570 servi,
318 3487 374 3552 sed
391 3491 500 3552 tamen
519 3488 612 3571 servi,
631 3492 668 3552 ut
682 3487 848 3573 atrienses,
867 3492 902 3553 11
917 3490 972 3572 qui
986 3494 1067 3555 treet
