2430 3990
422 153 468 219 111,
487 152 534 207 lv,
571 159 719 219 §aa-ar.
998 151 1063 216 205

58 336 143 399 quae
171 313 284 397 cuique
310 317 442 399 peceato
469 334 573 397 poena
601 313 657 396 sit,
687 312 742 376 sed
771 304 926 395 quantum
949 312 1063 396 cuique

57 403 167 485 liceat,
190 405 336 485 spectare
356 401 520 484 debemus3
544 400 695 484 quicquid
712 421 778 465 non
799 404 936 485 oportet,
959 401 1063 465 soclus

58 511 140 572 esse,
156 488 307 572 quicquid
316 510 386 554 non
399 489 484 570 licet,
498 488 588 553 nefas
602 492 717 572 putare
730 487 902 571 debemus„
913 487 1064 552 Etiamne

58 579 94 642 in
122 576 264 641 minimis
296 576 414 641 rebus?
459 575 583 660 Etiam,
614 576 772 660 siquidem
798 598 906 640 rerum
934 577 1063 640 modum

32 666 161 750 sfigere
183 686 249 729 non
269 685 451 749 possumus,
474 664 654 729 animomm
677 665 808 729 modum
826 667 936 728 tenere
954 685 1064 747 possu-

59 774 141 818 mus
186 751 312 817 Histrio
346 751 375 816 si
391 752 537 838 paulum
570 773 604 817 sc
636 753 739 818 mouit
767 752 858 817 extra
887 774 1064 835 numerum,
1083 770 1116 818 26

59 844 119 905 aut
150 841 180 905 si
206 862 318 905 versus
351 840 578 925 pronuntiatus
613 843 665 905 est
692 841 819 943 syllaba
846 862 910 905 una
937 803 1065 905 brevioi

60 932 118 993 aut
140 928 282 1030 longior,
305 927 508 1012 exsibilatur,
536 928 767 1013 exploditur,'
758 951 793 992 ιιι
815 928 955 1011 vitatu,
984 950 1064 1010 quae

52 1017 150 1086 omni
174 1021 246 1102 gest
247 1039 268 1080 u
232 1015 496 1098 tmoderatior,
519 1015 607 1080 omni
628 1037 724 1081 versu
747 1017 854 1100 aptior
873 1037 943 1080 esse
962 1016 1065 1096 debet,

36 1104 95 1168 oin
122 1104 251 1187 syllaba
278 1107 311 1168 te
338 1125 488 1204 peccasse
515 1103 622 1169 dices?
667 1103 802 1168 Pollam
825 1124 890 1167 non
914 1103 1040 1168 audio
1031 1125 1064 1166 ιιι

60 1191 170 1277 nugis;
192 1192 227 1255 in
249 1191 335 1254 vitae
358 1190 443 1255 socie
445 1194 513 1255 tate
536 1184 710 1255 audiam
683 1213 785 1256 c1vem
803 1191 915 1276 digitis
933 1194 1065 1274 peccata

38 1278 282 1380 ¹dimetientem
305 1278 385 1343 sua?
431 1276 518 1342 Si
488 1299 546 1360 us,
570 1299 646 1343 sane
670 1278 735 1342 sint
758 1279 919 1362 breviora,
943 1279 1065 1342 leviora

62 1367 117 1449 qui
144 1369 281 1451 possunt
309 1365 431 1431 videri?
463 1387 548 1448 cum,
576 1365 727 1448 quicquid
753 1370 862 1450 peccet
864 1387 915 1448 ur,
941 1371 1065 1449 pertur-

60 1454 193 1518 batione
224 1458 374 1539 peccetur
405 1453 540 1518 rationis
573 1457 670 1537 atque
705 1453 839 1535 ordinis,
874 1454 1066 1536 perturbata

61 1545 171 1606 autem
195 1542 293 1606 semel
316 1541 442 1606 ratione
465 1545 498 1605 et
521 1541 631 1605 ordine
653 1541 735 1604 nihil
758 1540 863 1625 possit
885 1540 973 1624 addi,
1002 1562 1065 1624 quo

62 1629 169 1714 magis
191 1629 316 1712 peccari
339 1649 434 1713 posse
457 1628 612 1692 videatur.
642 1681 644 1686 .

374 1906 680 1994 Ριιιιοιιοι
702 1906 758 1972 ιι.

10 2073 22 2089 .
143 1997 212 2077 “Orc
235 2015 298 2089 πᾶς
321 2009 439 2106 ἄφρων
462 2016 620 2096 μαίνεται.

128 2154 201 2239 Ego
221 2175 296 2218 vero
315 2157 348 2218 te
366 2174 432 2217 non
449 2153 596 2237 stultum,
614 2156 656 2216 *ut
674 2172 778 2235 saepe,
801 2172 867 2217 non
884 2115 1066 2236 inprobum,
1086 2134 1119 2256 ἐπ

68 2253 100 2308 ut
123 2262 263 2327 semper,
287 2241 342 2305 sed
365 2240 545 2304 dementem
570 2290 577 2304 .
599 2290 605 2304 .
630 2290 637 2304 .
661 2290 667 2304 .

66 2467 98 2483 ..
118 2468 124 2482 .
145 2468 152 2482 .
174 2417 270 2482 rebus
294 2416 335 2481 ad
358 2415 479 2480 victum
496 2414 685 2480 necessariis
705 2435 774 2478 esso
792 2413 930 2479 invictus
949 2418 1067 2499 potest.

65 2503 228 2589 Sapientis
241 2504 366 2569 animus
380 2503 601 2588 magnitudine
615 2501 751 2586 consilii,
771 2501 946 2566 tolerantia
960 2523 1067 2566 rerum

65 2592 286 2675 humanarum,
305 2595 470 2681 contempt
457 2591 543 2655 tione
561 2590 720 2670 fortunae,
738 2589 802 2654 virt
803 2589 913 2653 utibus
932 2589 1068 2672 deniquo

65 2680 215 2746 omnibus
233 2683 280 2743 ut
287 2675 455 2744 moenibus
470 2681 600 2763 saeptus
614 2676 720 2741 vincet
721 2698 791 2741 ure
792 2677 1068 2762 texpuguabitur,

64 2769 119 2854 qui
147 2788 188 2830 ne
215 2766 346 2832 civitate
369 2766 498 2850 quidem
521 2765 600 2849 pelli
621 2765 752 2848 potest?
798 2763 886 2838 Quae
909 2769 959 2830 cst
982 2764 1066 2829 euim

63 2855 201 2922 civitas?
244 2854 404 2918 omnisne
412 2857 588 2919 conventus
611 2853 709 2917 etiam
733 2852 873 2916 ferorum
897 2853 964 2917 et
955 2875 1067 2917 imma·

63 2942 175 3008 nium?
203 2941 348 3006 omnisne
376 2941 475 3006 ctiam
502 2940 715 3026 fugitivorum
743 2961 780 3005 ac
807 2940 970 3005 latronum
994 2962 1067 3005 con·

64 3034 215 3131 gregata
228 3051 327 3093 unum
354 3028 388 3092 in
408 3029 523 3095 locum
557 3027 754 3093 multitudo?
799 3026 894 3093 Oerte
921 3028 1066 3127 negabis.
1133 3093 1135 3097 ,

62 3118 180 3185 Non
171 3116 272 3202 rgitur
233 3120 374 3181 urerat
401 3116 460 3182 illa
491 3121 560 3181 tum
592 3116 720 3199 civitas,
752 3137 825 3180 cum
852 3115 977 3200 leges
968 3137 1002 3178 m
1031 3137 1069 3180 ea

62 3207 145 3272 nihil
169 3205 330 3288 valebant,
353 3224 426 3270 cum
444 3204 561 3269 iudicia
579 3203 737 3279 iacebant,
760 3225 831 3267 cum
851 3223 921 3266 mos
940 3202 1067 3287 patrius

63 3293 233 3375 occiderat,
247 3315 320 3358 cum
333 3291 420 3358 ferro
432 3292 535 3377 pulsis
551 3291 671 3376 magist
657 3252 797 3355 tratibus
809 3289 940 3355 senatus
950 3313 1068 3356 nomen

60 3382 154 3446 inre
176 3381 308 3465 publica
329 3402 395 3445 non
418 3384 503 3464 erat,
538 3379 736 3462 praedonum
760 3378 817 3442 illc
840 3400 1011 3444 concursus
1035 3383 1068 3442 et

60 3473 93 3537 te
123 3469 201 3534 duce
229 3469 434 3534 latrocinium
461 3469 495 3532 in
521 3466 592 3532 foro
619 3466 832 3531 constitutum
856 3471 889 3531 ct
911 3465 1067 3550 reliquiae
1123 3531 1127 3539 ,
