2430 3990
415 203 490 257 uAP.
510 211 535 271 6,
554 211 578 258 4.
615 210 761 270 611-16.
1024 202 1086 267 161

83 365 212 449 quidem
236 363 343 428 deleta
366 368 425 446 661,
448 367 518 429 tum
541 365 687 449 florebat,
709 364 869 430 institutis
888 367 921 428 61
938 385 1088 448 praecep-

82 455 126 518 tis
155 453 222 517 suis
251 451 449 536 erudierunt,
489 453 541 518 vel
565 452 646 532 eius,
676 452 731 536 qui
758 450 923 536 Apollinis
956 452 1086 517 oraculo

84 541 342 625 sapientissimus
367 543 416 604 est
439 502 561 606 iudicat
562 563 613 623 us,
636 540 725 624 †qui
746 561 813 605 161
830 544 901 604 tum
918 539 993 623 1166,
1016 543 1086 603 tum

81 629 173 713 illud,
196 629 264 693 11
254 650 289 693 11
311 628 483 712 plerisque,
505 628 664 693 sedidem
684 649 818 712 semper,
841 627 966 692 animos
985 627 1087 693 homi-

54 733 160 782 ⁵num
183 716 1087 817 66661111166,’16616611616616616616666166611,

80 804 164 869 redit
150 808 221 869 tum
252 804 287 867 in
322 805 447 869 caelum
473 808 599 889 patere,
632 804 818 888 optimoque
847 807 880 868 et
906 803 1085 879 iustissimo

81 893 194 976 cuique
214 891 497 976 expeditissimum.
534 891 626 967 Quod
644 892 728 956 idem
747 890 889 977 Scipioni
907 892 1086 976 videbatur,
1106 905 1141 954 14

82 980 137 1063 qui
161 980 297 1064 quidem,
322 981 414 1062 quasi
432 981 643 1066 praesagiret,
665 981 834 1065 perpaucis
854 983 929 1044 ante
947 983 1086 1045 mortem

37 1135 50 1148 ,
83 1068 204 1152 diebus,
227 1090 300 1133 cum
323 1072 356 1131 et
377 1068 491 1133 Philus
516 1072 548 1133 et
570 1068 723 1133 Manilius
745 1069 873 1133 adesset
891 1073 924 1132 et
943 1068 999 1132 alii
1017 1069 1087 1152 plu-

36 1173 69 1214 10
82 1179 145 1240 166,
167 1159 266 1239 tuque
290 1156 402 1239 etiam,
425 1154 593 1239 Scaevola,
616 1178 742 1221 mecum
764 1156 921 1238 venisses,
944 1155 1087 1219 triduum

83 1245 235 1308 disseruit
258 1244 296 1308 do
319 1265 354 1308 re
376 1244 519 1328 publica3
541 1244 630 1310 cuius
655 1244 883 1328 disputationis
902 1244 1087 1309 1111161116

82 1355 172 1397 mum
189 1331 257 1396 fere
272 1332 310 1396 de
323 1331 560 1396 inmortalitate
574 1333 763 1413 animorum,
783 1355 864 1416 quae
879 1354 913 1398 se
930 1333 965 1396 in
980 1332 1086 1416 quiete

82 1442 140 1504 per
163 1420 269 1485 visum
292 1441 330 1484 61
353 1418 506 1485 Africano
531 1421 658 1485 audisse
682 1420 817 1485 dicebat.
856 1419 894 1484 Id
917 1421 945 1484 si
962 1420 1011 1485 ita
1029 1422 1088 1502 est,

82 1511 119 1572 ut
143 1508 268 1592 optumi
290 1506 442 1591 cuiusque
467 1508 592 1573 animus
615 1509 649 1572 in
676 1512 781 1573 morte
803 1509 957 1574 facillime
981 1508 1088 1573 evolet

36 1598 70 1651 ³¹⁵
83 1600 251 1679 tamquam
274 1617 291 1659 6
314 1596 461 1660 61616116
483 1597 661 1679 vinclisque
679 1597 833 1680 corporis,
852 1597 902 1661 cui
921 1617 1087 1661 censemus

84 1705 213 1749 cursum
233 1683 273 1747 ad
293 1682 368 1748 deos
386 1683 565 1748 faciliorem
584 1683 684 1748 fuisse
704 1706 802 1769 quam
816 1683 980 1769 Scipioni?
1005 1682 1086 1759 Quo·

83 1772 168 1837 circa
190 1792 332 1835 maerere
355 1771 417 1836 hoc
440 1772 508 1836 eius
531 1776 648 1836 eventu
671 1794 783 1836 161661
803 1794 843 1836 16
861 1773 963 1838 invidi
982 1771 1087 1857 magis

84 1881 181 1942 quam
205 1859 300 1924 amici
323 1859 375 1924 611.
416 1857 473 1923 Sin
496 1863 604 1924 autem
626 1860 684 1924 illa
707 1861 847 1940 veriora,
874 1865 911 1925 ut
933 1861 1019 1924 idem
1041 1860 1088 1923 in-

83 1947 198 2011 teritus
227 1947 271 2011 sit
302 1947 482 2011 animorum
511 1951 543 2011 et
570 1969 741 2031 corporum
771 1970 830 2012 nec
860 1949 946 2012 ullus
975 1969 1087 2011 sensus

36 2037 227 2116 Ι1011611661,
259 2037 296 2097 11
322 2035 403 2097 nihil
430 2035 508 2099 boni
536 2039 586 2097 est
612 2034 647 2097 in
673 2037 791 2117 morte,
819 2034 865 2099 sic
892 2038 977 2099 certe
1005 2035 1088 2097 nihil

82 2121 177 2204 mali,
209 2142 306 2184 sensu
336 2122 421 2185 enim
451 2121 569 2185 amisso
593 2121 631 2184 fit
657 2121 757 2202 idem,
789 2121 881 2205 quasi
903 2126 999 2185 natus
1022 2143 1089 2185 161

83 2212 171 2274 66661
195 2208 335 2288 6111116,
359 2230 454 2291 quem
476 2214 587 2273 tamen
605 2229 674 2272 esse
696 2212 810 2273 natum
833 2213 866 2274 et
889 2231 947 2274 166
972 2209 1088 2294 gaude-

83 2319 156 2361 mus
179 2296 315 2361 ethaeo
338 2297 466 2376 civitas,
495 2296 569 2361 dum
593 2296 663 2381 erit,
686 2297 869 2362 laetabitur.
918 2296 1022 2373 Quam
1046 2296 1087 2362 ob
1109 2307 1142 2362 15

83 2407 153 2449 1611
172 2406 244 2449 cum
263 2384 321 2449 illo
342 2385 478 2469 quidem,
500 2388 649 2469 utsupra
664 2384 738 2468 (1111,
762 2389 869 2450 actum
884 2386 1010 2470 'optime
1029 2389 1089 2469 est,

36 2473 68 2524 ⁵¹⁵
84 2495 209 2538 mecum
232 2473 479 2557 incommodius,
510 2495 605 2558 quem
627 2472 734 2537 fuerat
757 2474 903 2557 acquina,
934 2477 971 2538 ut
997 2473 1087 2557 prius

82 2560 282 2644 introieram,
305 2561 351 2626 sic
373 2561 462 2645 prius
487 2560 572 2624 exire
596 2560 634 2624 de
656 2560 734 2624 vita.
766 2559 829 2626 Sed
851 2565 962 2625 161161
986 2583 1089 2626 recor-

83 2648 215 2712 datione
237 2651 368 2712 nostrae
392 2647 554 2712 amicitiae
581 2647 627 2712 sic
653 2647 757 2732 fruor,
784 2652 821 2713 ut
848 2649 942 2713 beate
969 2649 1088 2713 vixisse

39 2748 42 2755 '
83 2737 204 2820 videar,
227 2735 303 2819 quia
326 2758 397 2800 cum
422 2733 569 2820 Scipione
592 2735 735 2821 vixerim,
759 2758 895 2819 quocum
917 2736 997 2801 mihi
1016 2732 1088 2802 coir-

82 2825 194 2889 iuncta
217 2845 294 2888 cura
318 2823 355 2887 de
377 2823 509 2907 publica
531 2845 565 2886 re
588 2826 621 2886 et
644 2823 682 2887 de
705 2824 834 2907 privata
855 2825 927 2903 fuit,
951 2847 1088 2908 quocum

36 2918 68 2964 ⁸⁰
84 2917 119 2977 et
142 2912 255 2976 domus
278 2911 341 2976 fuit
364 2915 396 2975 et
419 2909 538 2975 militia
560 2911 738 2975 communis
762 2915 807 2995 et,
839 2912 873 2976 id
894 2913 929 2976 in
952 2934 1015 2995 quo
1039 2916 1089 2977 est

85 3000 190 3065 omnis
213 2999 263 3064 vis
292 2998 466 3076 amicitiae,
499 2998 717 3081 voluntatum,
741 2998 933 3082 studiorum,
964 3003 1088 3063 senten-

83 3089 206 3152 tiarum
236 3108 362 3150 summa
391 3085 568 3164 consensio.
613 3084 727 3168 Itaque
758 3107 824 3151 non
850 3090 918 3151 tam
945 3087 1011 3150 ista
1024 3109 1089 3151 ’116

84 3174 273 3259 sapientiae,
296 3196 394 3257 quam
417 3173 512 3238 modo
535 3172 676 3237 Fannius
701 3174 979 3259 commemoravit,
1001 3174 1090 3240 fama

85 3264 239 3346 delectat,
268 3262 354 3326 falsa
380 3261 584 3346 praesertim,
613 3283 709 3344 quam
733 3262 818 3346 quod
846 3262 1006 3328 amicitiae
1033 3285 1090 3328 no-

36 3357 69 3402 35
85 3355 173 3414 61166
188 3350 376 3414 memoriam
392 3371 485 3434 spero
501 3349 730 3434 sempiternam
744 3350 822 3434 fore,
841 3350 936 3434 idque
955 3372 992 3415 eo
1010 3351 1090 3415 mihi

83 3438 191 3522 magis
214 3441 264 3501 est
287 3438 388 3520 cordi,
421 3437 507 3521 quod
534 3459 572 3501 61
600 3438 748 3503 omnibus
778 3438 913 3504 saeculis
941 3439 995 3503 vix
1026 3439 1092 3503 tria

84 3529 143 3592 611
166 3528 321 3608 quattuor
342 3525 552 3590 nominantur
574 3526 667 3612 paria
687 3527 880 3609 amicorum,
904 3526 1019 3609 quoin
1039 3547 1092 3611 ge
1133 3529 1135 3532 ⁴
