2430 3990
348 734 396 810 M.
426 730 568 807 TULLI
595 731 842 808 CICERONIS

383 816 393 825 ι

108 901 242 989 ὈΑΤΟ
275 898 445 984 MAIOR
477 899 549 984 DE
581 895 882 986 sannorum]
914 897 1078 981 LIBER

282 1085 343 1150 lu
366 1083 402 1149 r.
424 1081 683 1150 rouffouruu
706 1081 909 1149 arrrcuu.

428 1368 768 1430 ARGUMENTUM.

164 1485 222 1540 Hic·
238 1485 317 1552 liber,
336 1483 385 1554 qui
403 1483 568 1539 acicerone
587 1483 707 1565 scriptur
726 1486 755 1540 et
773 1484 865 1539 editus
882 1484 926 1539 est
940 1500 1013 1539 anno
1027 1502 1055 1554 p.
1069 1501 1097 1542 ιι.

94 1573 118 1610 c.
138 1558 244 1627 710(a.
264 1555 325 1611 Chr.
345 1557 398 1625 44),
417 1554 562 1635 dialogum
580 1555 706 1610 continet
724 1554 759 1609 de
778 1556 921 1609 senectute
940 1554 1099 1609 habituma

94 1625 130 1680 M.
149 1625 249 1681 Porcio
269 1625 373 1680 Catone
393 1625 526 1679 Censorio
545 1641 608 1678 cum
627 1623 655 1681 0.
674 1623 770 1679 Laelio
791 1628 820 1679 et
838 1625 866 1680 P.
888 1625 1016 1680 Cornelio
1041 1625 1098 1680 Sci-

94 1695 192 1818 Eiono,
216 1694 265 1765 qui
282 1696 382 1766 postea
403 1694 551 1748 Africanus
574 1694 664 1749 minor
686 1695 846 1765 appellatus
869 1697 924 1762 est,
952 1711 1038 1760 anno,
1067 1697 1099 1750 ut

113 1765 223 1835 rigitur,
246 1783 273 1836 p.
293 1783 319 1819 u.
339 1781 361 1818 c.
382 1771 441 1833 604,
460 1764 490 1819 Τ.
510 1763 640 1828 Quinctio
658 1763 816 1820 Flaminino
833 1761 879 1819 Μ’.
898 1765 989 1821 Acilio
1008 1765 1097 1820 Balbo

93 1852 164 1891 cors.
201 1834 352 1905 Appellato
371 1834 492 1906 primum
509 1834 605 1889 Attico
629 1837 659 1889 et
677 1835 817 1904 explicata
838 1852 934 1903 cauea,
959 1852 1042 1904 quam
1062 1837 1098 1890 ob

94 1922 153 1960 rem
180 1905 234 1960 hoc
257 1906 451 1974 argumentum
474 1905 594 1960 tractare
622 1905 756 1974 voluerit,
784 1906 841 1960 iam
869 1921 1021 1960 sermonem
1049 1906 1097 1960 ille

94 1975 163 2030 olim
181 1991 199 2029 a
216 1976 252 2029 M.
273 1973 378 2030 Catone
401 1974 561 2029 institutum
589 1990 618 2028 ce
645 1975 798 2029 relaturum
821 1991 882 2030 ecce
905 1974 1047 2044 promittit
1070 1977 1099 2029 et

93 2045 175 2100 illum
193 2044 235 2099 ita
256 2044 418 2112 loquentem
444 2044 479 2098 dc
506 2045 649 2098 senectute
674 2043 754 2112 facit,
780 2047 812 2100 ut
835 2045 968 2114 quattuor
991 2061 1098 2115 caueae,

94 2113 1098 2255 llidllddttalttm,thifrmsgttztrttltrrtrtl

133 2230 140 2254 ι
503 2222 509 2249 2
1087 2217 1098 2227 “

94 2258 152 2312 lere
171 2255 296 2323 studeat,
318 2253 439 2323 primum
462 2253 537 2323 quod
559 2255 687 2309 senectus
709 2257 810 2310 avocet
828 2272 845 2310 a
862 2256 944 2310 rebus
967 2256 1097 2326 gerendis

95 2331 167 2398 (cap.
187 2328 277 2395 6-8),
300 2323 402 2379 deinde
425 2323 500 2392 quod
519 2340 618 2394 corpus
637 2324 724 2379 faciat
746 2325 880 2380 infirmius
904 2329 976 2450 Ἔαρ.
1001 2333 1096 2382 9-11.

93 2397 254 2464 §ur-38),
273 2396 333 2449 tum
347 2394 422 2463 quod
457 2393 531 2449 rivet
546 2394 673 2448 omnibus
692 2393 749 2450 fere
768 2397 834 2451 volu
855 2395 909 2452 tati
929 2400 1096 2466 ur(cap.12

95 2467 185 2536 -18),
204 2463 323 2532 denique
342 2464 417 2533 quod
435 2413 510 2518 Haud
533 2464 631 2533 procul
649 2464 725 2519 abrit
741 2481 759 2520 a
775 2482 823 2522 mo
889 2470 962 2537 (cap.
973 2469 1096 2539 19-24),

139 2712 282 2796 OTite,
305 2711 446 2796 siquid
465 2730 535 2798 ego
554 2712 709 2777 adiuero
735 2735 914 2780 curamve
933 2696 1131 2816 levasso}

139 2800 240 2877 Quae
254 2802 403 2865 nuncte
426 2800 558 2884 coquit
576 2803 613 2865 et
632 2805 764 2866 vereat
777 2800 816 2866 in
834 2804 990 2886 pectore
1008 2803 1097 2888 fixa,

138 2887 287 2973 Ecquid
309 2887 385 2953 erit
407 2887 574 2971 praemi?

93 2977 186 3042 Licet
213 2975 298 3040 enim
329 2975 410 3039 mihi
436 2975 582 3040 versibus
614 2974 733 3041 eisdem
765 2975 869 3041 adfari
901 2980 947 3060 te,
979 2977 1097 3062 Attice,

65 3065 212 3148 aquibus
236 3060 365 3128 adfatur
386 3060 603 3127 Flamininum

137 3151 212 3215 Ille
231 3150 289 3216 vir
306 3150 406 3215 haud
424 3171 561 3234 magna
579 3171 659 3215 cum
678 3172 730 3235 re,
748 3151 813 3215 sed
831 3152 969 3235 planus
986 3151 1096 3238 fidei,

94 3259 291 3324 quamquam
313 3242 401 3303 certo
425 3237 491 3302 scio
513 3259 588 3322 non,
609 3241 647 3303 ut
668 3236 896 3323 Flamininum,

140 3324 362 3391 Sollicitari
384 3328 437 3408 te,
460 3324 566 3409 Tite,
588 3325 643 3390 sic
666 3330 877 3411 noctesque
901 3326 1071 3411 diesque,

92 3414 170 3480 novi
207 3413 292 3478 enim
323 3413 576 3478 moderationem
613 3414 712 3478 animi
746 3416 796 3479 tui
828 3418 861 3479 et
899 3414 1097 3498 aequitatem

849 3514 887 3568 9*

510 3582 793 3690 322232..
