2430 3990
136 175 199 238 182
434 175 585 230 LAELIUS
604 175 653 229 DE
671 175 835 230 AMICITIA

132 357 192 401 nee
211 336 385 401 observare
403 337 560 421 restricte,
578 359 618 400 ne
636 338 710 421 plus
728 337 842 401 reddat
857 359 953 420 quam
969 337 1140 422 acceperit,

133 445 237 507 neque
265 425 350 489 enim
379 425 551 490 verendum
580 428 643 507 est,
676 446 716 488 ne
745 425 821 508 quid
850 426 988 510 excidat,
1016 429 1073 490 aut
1100 447 1169 494 ne.

104 521 105 524 ’
135 514 212 596 qnid
239 512 274 577 in
301 517 422 577 terram
450 513 582 597 defluat,
615 516 671 576 aut
701 535 742 576 ne
770 514 843 596 plus
872 535 973 598 aequo
1003 514 1080 597 quid
1107 514 1141 577 in

81 615 114 665 oo
134 601 311 665 amicitiam
339 605 539 685 congeratur.
585 600 713 664 Tertius
742 623 817 665 vero
845 602 901 666 ille
933 602 1007 666 finis
1040 602 1140 666 deter-

133 709 254 773 rumus,
276 692 322 772 ut,
346 689 458 772 quanti
478 689 613 772 quisque
632 711 665 752 se
688 689 759 773 ipse
777 689 886 773 faciat,
909 690 994 754 tanti
1016 690 1075 754 fiat
1099 691 1139 754 ab
1163 706 1169 747 1

134 776 255 841 amicis.
302 773 403 860 Saepe
431 777 516 848 enim
544 778 578 841 in
611 778 804 860 quibusdam
837 781 893 842 aut
925 778 1051 842 animus
1085 779 1140 842 ab·

131 864 247 929 iectior
279 868 329 928 est
361 867 417 928 aut
446 886 519 949 spes
548 866 792 950 amplificandae
820 866 969 930 fortunae
996 864 1140 930 fractior.

132 951 208 1017 Nou
236 956 285 1016 est
313 953 415 1038 igitur
442 954 537 1018 amici
565 955 665 1018 talem
693 975 762 1018 esse
785 954 820 1018 in
843 976 929 1038 eum,
958 954 1062 1037 qualis
1086 954 1140 1018 ille

63 1037 68 1043 ’
132 1039 167 1104 in
191 1062 225 1105 se
248 1044 306 1125 est,
330 1041 386 1105 sed
408 1043 517 1126 potius
541 1043 619 1107 eniti
643 1046 676 1106 et
699 1041 837 1126 efficere,
860 1046 898 1106 ut
920 1043 1015 1106 amici
1038 1041 1140 1106 iacen-

131 1132 201 1193 tem
224 1129 367 1193 animum
386 1130 503 1194 excitet
521 1130 715 1214 inducatque
733 1132 768 1194 e're
787 1151 876 1214 spem
897 1130 1139 1215 cogitationem·
1151 1146 1169 1186 10

133 1238 195 1299 que
217 1217 393 1282 meliorem.
430 1218 524 1282 Alius
547 1219 649 1304 igitur
671 1219 745 1296 finis
768 1240 863 1284 verae
883 1218 1043 1283 amicitiae
1067 1239 1139 1283 con-

133 1304 315 1369 stituendus
343 1309 406 1390 est,
436 1307 464 1371 si
491 1306 595 1390 prins,
628 1307 703 1391 quid
732 1328 880 1370 maxume
907 1306 1140 1391 reprehendere

133 1390 241 1476 Scipio
269 1394 386 1458 solitus
414 1394 469 1472 sit,
498 1396 615 1459 dixero.
661 1394 813 1480 Negabat
836 1395 936 1459 ullam
959 1417 1071 1459 vocem
1095 1394 1140 1458 in-

132 1480 309 1545 imiciorem
334 1482 495 1547 amicitiae
518 1482 663 1567 potuisse
686 1482 820 1566 reperiri
848 1504 946 1566 quam
974 1483 1057 1567 eius,
1085 1483 1139 1567 qui

133 1568 267 1633 dixisset
299 1571 347 1634 ita
379 1593 488 1659 amare
520 1574 682 1655 oportere,
717 1574 754 1635 ut
787 1571 815 1634 si
848 1571 1021 1654 aliquando
1055 1574 1169 1636 esseae

133 1678 261 1741 esurus,
288 1680 346 1723 nec
374 1681 450 1724 vero
474 1681 508 1725 se
532 1659 645 1724 adduci
672 1680 781 1744 posse,
810 1663 847 1723 ut
874 1659 949 1742 hoc,
977 1681 1072 1742 quem
1100 1659 1140 1724 ad

132 1745 272 1809 modum
286 1751 465 1831 putaretur,
489 1770 508 1811 a
530 1746 647 1810 Biante
671 1768 740 1811 esse
764 1747 885 1811 dietum
908 1748 1061 1830 erederet,
1085 1747 1140 1832 qui

132 1834 261 1917 sapiens
289 1835 420 1899 habitus
449 1838 534 1899 esset
561 1857 643 1900 unus
672 1857 688 1899 e
717 1838 854 1919 septem3
886 1836 1005 1919 impuri
1038 1835 1139 1900 cuius-

132 1921 206 1985 dam
230 1926 286 1987 aut
310 1923 475 1987 ambitiosi
498 1927 554 1987 aut
577 1923 685 1987 omnia
709 1923 748 1987 ad
773 1945 864 1987 suam
887 1923 1068 2007 potentiam
1093 1945 1139 1988 re

131 2012 278 2074 vocantis
306 2033 375 2076 esse
404 2011 605 2076 sententiam.
651 2010 798 2086 Quonam
827 2012 912 2075 enim
935 2011 1030 2075 modo
1055 2012 1169 2095 quis-2<

132 2120 229 2181 quam
254 2099 375 2165 amicus
399 2121 469 2164 esse
492 2100 613 2184 poterit
637 2100 675 2184 ei,
698 2100 748 2165 cui
773 2121 806 2163 se
824 2099 954 2184 putabit
972 2098 1139 2164 inimicum

132 2207 202 2250 esse
220 2188 338 2271 posse?
362 2188 439 2271 quin
463 2189 561 2252 etiam
584 2209 713 2253 necesse
737 2188 798 2251 erit
821 2208 936 2271 cupere
960 2190 992 2250 et
1016 2190 1138 2272 optare,

131 2278 168 2338 ut
196 2296 292 2358 quam
321 2276 508 2360 saepissime
535 2279 646 2360 peccet
678 2277 814 2358 amicus,
846 2296 909 2358 quo
941 2275 1051 2358 plures
1085 2275 1139 2339 det

132 2362 194 2427 sibi
210 2366 375 2446 tamquam
391 2385 485 2427 ansas
501 2364 541 2427 ad
556 2362 864 2447 reprehendendum
882 2384 1010 2426 rursum
1030 2367 1138 2427 autem

130 2454 217 2515 recte
239 2450 335 2516 factis
359 2450 597 2534 commodisque
622 2451 797 2515 amicorum
820 2471 949 2514 necesse
971 2449 1033 2514 erit
1052 2451 1138 2537 angi,
1152 2465 1169 2505 ’Ξ

78 2554 112 2604 oo
131 2538 248 2622 dolere,
268 2539 418 2604 invidere.
455 2539 560 2614 Quare
578 2539 639 2604 hoc
655 2537 782 2622 quidem
800 2542 1016 2623 praeceptum,
1036 2539 1139 2603 euius-

131 2649 266 2711 cumque
286 2631 344 2711 est,
362 2628 403 2691 ad
421 2627 600 2692 tollendam
618 2627 794 2691 amicitiam
812 2627 914 2710 valet3
932 2626 1014 2689 illud
1027 2627 1139 2710 potius

130 2715 392 2800 praecipiendum
419 2715 496 2798 fuit,
525 2719 562 2780 ut
590 2737 661 2779 eam
685 2714 888 2800 diligentiam
912 2713 1138 2780 adhiberemus

129 2804 165 2867 in
188 2804 339 2869 amicitiis
362 2802 597 2889 comparandis,
619 2807 719 2867 utne
743 2803 870 2887 quando
892 2823 999 2866 amare
1018 2801 1138 2887 incipe-

130 2912 238 2956 remus
266 2914 352 2976 eum,
383 2914 479 2977 quem
503 2891 676 2975 aliquando
701 2890 806 2955 odisse
829 2911 1006 2975 possemus.
1053 2889 1139 2964 Quin
1152 2907 1169 2947 ³¹

131 2980 242 3064 etiam,
266 2980 294 3044 si
317 2981 423 3045 minus
446 2979 556 3045 felices
579 2981 613 3043 in
638 2979 800 3065 diligendo
823 2977 1013 3061 fuissemus,
1035 2977 1138 3043 feren-

130 3068 205 3133 dum
224 3069 257 3132 id
272 3066 378 3153 Scipio
399 3068 508 3152 potius
528 3090 623 3152 quam
643 3067 885 3132 inimicitiarum
903 3070 1032 3151 tempus
1052 3068 1138 3152 cogi-

129 3156 265 3221 tandum
287 3157 434 3241 putabat.

78 3224 117 3287 17
195 3244 256 3309 His
274 3245 376 3329 igitur
393 3245 512 3309 finibus
530 3243 686 3309 utendum
705 3243 855 3327 arbitror,
874 3245 919 3326 ut,
938 3264 1010 3307 cum
1030 3264 1137 3307 emen-

76 3301 197 3397 61dati
220 3354 325 3396 mores
350 3333 525 3398 amicorum
551 3332 624 3416 sint,
647 3337 717 3397 tum
742 3331 784 3395 sit
807 3330 892 3394 inter
915 3352 970 3395 eos
992 3330 1169 3395 omniumr

128 3442 249 3504 rerum,
277 3422 499 3505 consiliorum,
526 3423 733 3486 voluntatum
761 3420 829 3483 sine
857 3419 927 3482 ulla
950 3419 1137 3504 exceptione

76 3550 79 3555 ·
127 3509 352 3598 communitas,
371 3514 416 3597 ut,
436 3510 563 3575 etiamsi
584 3532 647 3593 qua
660 3509 792 3573 fortune
807 3507 959 3572 acciderit
973 3511 1010 3571 ut
1029 3507 1137 3571 minus
