2430 3990
158 189 221 252 142
396 183 488 242 CATO
507 184 624 241 MAIOR
642 185 691 239 DE
710 184 922 240 SENEGTUTE

156 349 288 415 memini
310 371 399 435 puer,
423 349 479 433 qui
502 371 574 415 oum
598 347 807 432 quadriennio
830 350 906 432 post
930 348 1069 413 alterum
1089 369 1165 414 con·

158 439 244 504 sulat
230 442 300 503 tum
315 436 461 522 pontifex
481 437 639 502 maximus
657 436 762 501 factus
781 457 850 500 esse
852 435 1062 521 tt'vigintie
1047 435 1165 501 tduos

158 548 259 592 annos
289 525 317 589 ei
345 523 501 590 sacerdot
478 528 524 589 tro
531 523 705 674 bbpraefuit,
737 524 784 588 ιιι
815 523 909 588 bonis
940 544 1010 588 esse
1037 523 1164 589 viribus

157 618 299 679 extremo
323 616 469 695 tempore
492 615 566 675 aeta
547 613 663 696 aliqu
641 610 896 677 utt'adulescen
887 633 952 676 ιιιιι
974 632 1040 677 non
1058 613 1165 696 requi·

157 704 250 765 reret.
305 698 397 763 Nihil
429 720 558 763 necesse
591 702 640 762 ιιι
672 699 752 763 mihi
784 699 822 763 de
854 721 905 763 me
939 699 1011 783 ipso
1048 698 1196 785 diceret

158 809 353 871 quamquam
387 790 436 850 est
468 785 501 850 id
533 785 661 869 quidem
693 786 793 851 senile
831 787 994 869 aetatique
1030 791 1166 860 nostrae

158 875 349 941 conceditur.
395 872 577 958 Videtisne,
605 877 643 938 ut
666 873 751 958 apud
773 872 951 939 Homerum
975 874 1166 958 saepissime

158 962 278 1027 Nestor
310 962 348 1025 de
381 961 556 1026 virtutibus
589 961 654 1025 suis
686 960 869 1044 praedicet?
922 961 1065 1027 Tertiam
1097 964 1165 1028 iam

158 1050 243 1114 enim
270 1053 410 1114 aetatem
438 1049 606 1115 hominum
634 1048 777 1133 videbat,
809 1070 867 1113 nec
900 1053 970 1112 erat
998 1050 1027 1113 ei
1054 1072 1165 1116 veren-

158 1138 246 1220 dum,
276 1160 316 1202 ne
344 1159 420 1203 vera
446 1137 635 1221 praedicans
664 1135 701 1200 de
729 1158 763 1201 se
777 1135 886 1201 ‘nimis
914 1136 1077 1202 videretur
1106 1145 1165 1205 aut
1178 1157 1195 1199 ιι

157 1226 371 1289 insolenst
315 1247 356 1289 au
357 1226 513 1307 t.loquax
545 1224 684 1309 Etenim,
697 1228 735 1290 ιιι
753 1224 799 1289 ιιι
813 1223 1014 1309 Homerus,
1020 1246 1063 1290 ex
1082 1226 1165 1292 eius

158 1313 293 1412 lingua
320 1313 435 1385 melle
464 1312 614 1376 dulcior
640 1312 792 1376 fluebat
778 1316 905 1377 torat
910 1311 962 1378 io'
963 1363 972 1397 ,
1002 1334 1099 1396 quam
1124 1315 1166 1379 ad

158 1399 354 1464 suavitatem
376 1394 476 1462 nullis
500 1400 617 1484 egebat
640 1400 783 1484 conponis
806 1399 937 1464 viribus.
983 1399 1068 1465 Ειι
1054 1404 1165 1467 tamen

158 1487 222 1552 dux
249 1486 305 1552 ille
333 1485 487 1552 Graeciae
514 1507 674 1569 nusquam
701 1490 807 1570 optat,
838 1491 875 1551 ut
902 1485 1011 1552 Aiacis
1040 1488 1164 1555 similes

159 1575 279 1639 habeat
302 1574 419 1658 decem,
443 1572 498 1638 sed
521 1577 558 1638 ut
576 1573 738 1656 Nestoris3
762 1573 891 1656 quod
865 1595 893 1638 s1
917 1574 979 1639 sibi
1002 1576 1198 1662 occideritis

106 1680 140 1729 32
158 1684 225 1727 non
248 1662 339 1726 dubit
325 1665 384 1744 tat,
407 1661 485 1744 quin
507 1661 599 1727 brevi
621 1661 665 1725 sit
683 1660 780 1725 Troia
798 1661 951 1744 peritura.
988 1660 1050 1727 Sed
1068 1665 1163 1730 redeo

159 1750 282 1815 adme
320 1747 477 1823 Quartum
501 1769 562 1834 ago
586 1770 705 1813 annum
724 1752 757 1812 et
776 1752 848 1813 octo
874 1771 1022 1833 esrmum3
1045 1752 1164 1817 vellem

159 1837 306 1921 equidem
325 1837 410 1900 idem
428 1857 557 1919 possem
577 1836 719 1921 gloriari,
739 1835 824 1919 quod
843 1749 955 1920 Hyris,
979 1835 1034 1900 sed
1052 1840 1164 1903 tamen

158 1925 220 1989 hoo
243 1945 324 2008 queo
349 1923 462 2007 dicere,
483 1944 549 1988 non
573 1944 623 1986 me
647 1923 775 2006 quidem
793 1922 833 1987 iis
853 1944 922 1988 esse
940 1923 1073 2009 viribus,
1097 1927 1164 2008 qui-

158 2014 219 2078 bus
244 2016 300 2076 aut
323 2012 415 2076 miles
439 2011 526 2076 bello
545 2009 665 2075 Punico
687 2014 743 2075 aut
767 2015 918 2094 quaestor
941 2012 1052 2076 eodem
1074 2013 1163 2079 bello

160 2105 217 2166 aut
240 2101 352 2166 consul
374 2100 409 2163 in
431 2098 591 2183 Hispania
615 2098 731 2163 fuerim
759 2103 815 2163 aut
843 2098 1051 2183 quadriennio
1079 2106 1164 2186 post,

159 2192 274 2254 cumt
260 2189 409 2252 tribunus
437 2187 589 2252 militaris
612 2187 795 2273 depugnavi
822 2188 908 2271 apud
929 2188 1164 2274 Thermopylas

159 2276 211 2340 M'.
226 2274 402 2340 Glabrione
425 2275 565 2358 consule,
589 2275 682 2338 sedt
668 2279 845 2357 tutamen,
868 2297 925 2339 vos
949 2276 1076 2359 videtis
1098 2298 1165 2342 non

159 2365 255 2464 plane
279 2382 329 2425 me
353 2363 532 2444 enervavit,
559 2382 625 2425 non
648 2361 772 2424 adflixit
758 2365 955 2444 t‚senectus
982 2383 1049 2426 non
1075 2365 1165 2429 curia

160 2451 244 2516 vires
263 2469 351 2513 meas
371 2410 539 2530 desideral‚
517 2451 623 2511 tnon
640 2451 757 2548 rostra,
774 2468 841 2512 non
859 2448 962 2533 amici,
984 2470 1051 2514 non
1069 2450 1164 2517 clien
1179 2469 1202 2511 ιι

159 2542 222 2622 t‚es
249 2559 315 2602 non
337 2535 492 2620 hospites
537 2534 605 2600 Nec
628 2535 713 2600 enim
736 2557 889 2618 umquam
913 2557 985 2601 sum
1008 2538 1164 2603 adsensus

158 2589 261 2692 ueteri
279 2624 329 2688 illi
347 2624 543 2707 laudatoque
561 2623 743 2707 proverbio,
767 2624 853 2706 quod
871 2628 980 2689 monet
1000 2624 1163 2690 mature

158 2713 250 2779 fieri
273 2733 413 2795 sonem,
443 2711 475 2775 si
498 2711 560 2775 diu
584 2710 682 2775 velis
706 2732 820 2775 senex
843 2711 945 2776 esse?
990 2711 1063 2798 Ego
1086 2735 1163 2779 vero

33 2856 36 2861 .
159 2823 210 2866 me
238 2800 344 2865 minus
372 2798 426 2863 diu
449 2820 557 2864 senem
580 2819 650 2863 esse
673 2799 804 2863 mallem
833 2822 930 2883 quam
953 2821 1022 2864 esse
1045 2821 1164 2886 senem,

160 2892 235 2953 ante
258 2910 356 2972 quam
379 2908 490 2952 essem.
535 2885 649 2970 Itaque
671 2908 765 2957 nemo
789 2886 892 2952 adhuc
920 2888 1089 2953 convenire
1112 2912 1165 2954 me
1180 2909 1204 2950 eo

107 2994 140 3042 33
160 2976 273 3058 voluit,
297 2976 348 3041 cui
370 2975 486 3040 fuerim
510 2979 693 3059 occupatus.
728 2973 788 3038 Αι.
797 2975 903 3040 minus
922 2975 1076 3040 habeo
1045 2976 1167 3043 unium

160 3087 256 3148 quam
280 3066 423 3129 vestrum
446 3062 577 3127 utervis.
617 3061 666 3127 Ne
690 3083 748 3128 vos
770 3062 898 3145 quidem
917 3063 952 3127 Τ.
973 3062 1070 3128 Ponti
1093 3085 1166 3129 cen·

160 3151 298 3217 turionis
321 3151 406 3216 vires
428 3150 572 3234 habetis3
598 3171 675 3215 num
702 3149 819 3215 idcirco
848 3155 898 3215 est
920 3150 977 3215 ille
999 3156 1168 3235 praestan-

160 3240 246 3305 tior?
273 3238 453 3304 Moderatio
476 3239 571 3303 modo
591 3238 708 3303 virium
732 3238 826 3321 adsit,
850 3243 882 3303 et
905 3243 1043 3323 tantum,
1067 3262 1169 3323 quan·

160 3332 231 3392 tum
244 3330 354 3412 potest
368 3327 511 3410 quisque,
524 3326 662 3411 nitatur3
674 3348 715 3391 ne
729 3326 783 3401 ille
797 3348 863 3391 non
877 3348 995 3410 magno
1007 3326 1166 3393 desiderio
1182 3304 1211 3389 ιι1

160 3416 324 3480 tenebitur
338 3414 463 3480 virium.
497 3413 666 3499 Olympiae
679 3436 737 3499 per
752 3414 891 3479 stadium
910 3415 1076 3500 ingressus
1096 3437 1168 3481 esse

160 3503 241 3568 Milo
265 3503 394 3585 dicitur,
418 3525 489 3568 oum
511 3502 654 3567 humeris
678 3503 852 3567 sustineret
874 3503 999 3567 bovem.
1045 3502 1169 3570 Utrum

105 847 148 973 il
