2430 3990
155 174 218 239 178
454 173 607 228 IIAELIUS
626 173 675 227 DE
693 173 859 228 AMICITIA

101 352 135 402 45
155 336 182 400 si
206 357 257 399 res
280 337 472 420 postulabit,
495 341 528 401 et
547 336 712 400 adhibitae
730 339 891 419 pareatur.
928 333 1013 399 Nam
1034 336 1162 418 quihus·

154 424 241 506 dam,
271 445 352 507 quos
380 424 474 488 audio
504 425 666 508 sapientes
693 424 824 488 habitos
852 423 888 486 in
915 421 1064 502 Graecia,
1097 425 1162 509 pla·

154 513 258 577 ouisse
283 512 398 597 opinor
421 513 584 576 mirabilia
608 512 764 594 quaedam
787 511 858 594 (sed
880 511 962 574 nihil
986 515 1049 595 est,
1078 512 1164 596 quod

153 601 291 663 illinon
314 604 550 683 persequantur
573 599 739 685 argutiis):
763 599 884 684 partim
902 599 1073 684 fugiendas
1094 621 1163 664 esse

153 688 271 751 nimias
295 688 464 770 amicitias,
487 709 527 752 ne
549 709 680 752 necesse
704 687 747 751 sit
769 709 869 751 unum
893 688 1068 751 sollicitum
1093 703 1194 752 esset

154 796 213 859 pro
236 775 398 859 pluribus,
426 776 506 839 satis
531 797 689 860 superque
713 796 783 839 esse
807 776 870 840 sibi
893 797 1024 839 suarum
1048 776 1163 859 cuique

154 884 275 946 rerum,
303 864 417 928 alienis
445 863 541 928 nimis
569 863 731 947 implicari
759 864 934 927 molestum
962 885 1046 946 esse3
1079 885 1162 929 com·

154 950 377 1015 modissimum
410 973 480 1016 esse
513 974 610 1036 quam
642 950 825 1015 laxissimas
861 951 1005 1015 habenas
1042 951 1162 1016 habere

155 1039 329 1120 amicitiae,
353 1061 432 1123 quas
456 1040 508 1105 vel
532 1040 684 1122 adducas,
708 1061 780 1103 cum
803 1038 897 1120 velis,
924 1040 977 1102 vel
1000 1041 1163 1123 remittas3

154 1131 252 1210 caput
275 1128 360 1190 enim
384 1149 453 1192 esse
477 1128 517 1192 ad
542 1128 635 1192 beate
657 1126 829 1192 vivendum
853 1127 1075 1211 securitatem,
1100 1150 1162 1212 qua
1175 1143 1194 1183 1⁰

153 1214 218 1278 frui
245 1236 311 1278 non
338 1216 443 1298 possit
471 1216 611 1297 animus,
639 1215 667 1279 si
695 1219 862 1297 tamquam
890 1216 1053 1299 parturiat
1080 1238 1162 1280 unus

98 1318 135 1367 ce
154 1323 212 1386 pro
237 1302 409 1385 pluribus&
439 1302 533 1367 Alios
557 1307 666 1367 autem
689 1303 793 1367 dicere
817 1303 908 1367 aiunt
936 1304 1039 1367 multo
1063 1305 1163 1368 etiam
1203 1362 1205 1397 Ι

154 1389 360 1453 inhumanius
398 1387 507 1474 (quem
539 1391 646 1455 locum
678 1391 820 1455 breviter
855 1391 954 1474 paulo
987 1395 1061 1455 ante
1093 1414 1162 1476 per·
1203 1406 1205 1413 '

155 1476 285 1562 strinxi)
308 1478 461 1562 praesidii
484 1478 724 1561 adiumentique
747 1499 858 1559 causa,
886 1499 951 1542 uon
978 1479 1162 1544 benivolen-
1203 1478 1205 1485 '

154 1566 219 1630 tiae
237 1587 341 1649 neque
364 1566 511 1631 caritatis
535 1566 694 1630 amicitias
719 1587 788 1630 esse
812 1565 1020 1649 expetendam
1042 1567 1162 1652 Itaque,
1175 1582 1195 1623 ¹⁵

153 1655 349 1737 utquisque
376 1654 546 1718 minimum
573 1654 738 1718 firmitatis
766 1654 902 1717 haberet
929 1655 1163 1739 minimumque
1203 1670 1205 1725 ξ

153 1743 284 1825 virium,
316 1743 363 1807 ita
391 1743 551 1807 amicitias
580 1743 730 1826 adpetere
759 1742 911 1824 maxime,
943 1764 982 1805 ex
1013 1764 1051 1807 eo
1083 1743 1163 1821 fieri,
1203 1740 1205 1791 ἶ

153 1834 191 1894 ut
213 1830 420 1894 mulierculae
444 1831 549 1915 magis
573 1831 787 1895 amicitiarum
815 1830 976 1914 praesidia
1004 1836 1163 1912 quaerant
1203 1830 1205 1883 ἷ

154 1941 252 2002 quam
270 1918 333 1982 viri
351 1921 384 1981 et
402 1919 514 2002 inopes
533 1940 630 2002 quam
648 1919 793 2002 opulenti
812 1922 844 1982 et
863 1917 1045 1982 calamitosi
1065 1941 1163 2001 quam

99 2023 134 2071 47
153 2008 186 2089 ii,
201 2007 256 2090 qui
269 2010 425 2092 putentur
438 2007 535 2071 beati,
562 2006 589 2071 0
603 2007 803 2091 praeclaram
818 2006 1023 2091 sapientiam!
1052 2003 1162 2071 Solem
1175 2022 1196 2063 κ

154 2096 240 2160 enim
263 2117 279 2160 e
303 2095 422 2161 mundo
444 2095 561 2161 tollere
584 2096 746 2173 videntur,
775 2095 830 2179 qui
853 2095 1029 2159 amicitiam
1052 2117 1070 2159 e
1093 2095 1163 2161 vita

154 2185 283 2267 tollunt,
307 2206 371 2266 qua
393 2184 475 2247 nihil
500 2207 518 2248 a
541 2184 590 2247 dis
613 2183 842 2248 inmortalibus
861 2183 976 2247 melius
995 2183 1162 2262 habemus,

153 2272 236 2336 nihil
254 2272 432 2335 iucundius.
469 2270 556 2345 Quae
576 2275 626 2336 est
644 2273 729 2336 enim
747 2272 812 2335 ista
830 2271 1010 2335 securitas?
1048 2268 1161 2354 Specie

154 2359 283 2442 quidem
311 2358 443 2436 blanda,
477 2359 533 2423 sed
559 2380 673 2442 reapse
701 2359 813 2422 multis
842 2359 921 2425 locis
954 2358 1160 2441 repudianda.

154 2446 266 2530 Neque
294 2447 379 2510 enim
407 2449 457 2510 est
484 2450 733 2510 consentaneum
759 2444 862 2509 ullam
890 2444 1062 2510 honestam
1091 2468 1161 2511 rem
1175 2463 1198 2504 2⁵

155 2536 368 2616 actionemve,
395 2555 436 2597 ne
464 2534 623 2598 sollicitus
652 2535 709 2616 sis,
738 2536 794 2596 aut
821 2554 887 2598 non
915 2535 1076 2619 suscipere
1103 2539 1161 2599 aut

155 2625 338 2706 susceptam
366 2622 532 2706 deponere.
578 2620 699 2695 Quodsi
726 2642 837 2685 curam
866 2621 1023 2707 fugimus,
1054 2622 1161 2687 virtus

154 2710 307 2796 fugienda
334 2713 396 2792 est,
425 2731 506 2794 quae
533 2730 662 2774 necesse
690 2712 740 2772 est
767 2731 839 2775 cum
868 2711 977 2794 aliqua
1004 2731 1081 2774 cura
1108 2733 1160 2776 res

155 2800 217 2864 sibi
249 2797 430 2863 contrarias
462 2801 651 2882 aspernetur
683 2801 780 2881 atque
813 2798 930 2880 oderit,
961 2801 998 2861 ut
1030 2798 1160 2864 bonitas

154 2887 323 2969 malitiam,
346 2885 562 2970 temperantia
584 2885 775 2969 lubidinem,
798 2886 962 2972 ignaviam
985 2885 1162 2972 fortitud03
1175 2906 1200 2946 co

154 2978 263 3060 itaque
286 2975 396 3040 videas
419 2975 514 3039 rebus
537 2974 666 3039 iniustis
688 2975 792 3038 iustos
816 2973 954 3038 maxime
973 2973 1092 3058 dolere,
1114 2975 1161 3039 in·

154 3066 294 3129 bellibus
320 3063 439 3144 fortes,
466 3063 638 3148 flagitiosis
666 3063 837 3127 modestos.
883 3060 972 3147 Ergo
1000 3062 1061 3127 hoo
1086 3085 1161 3147 pro·

153 3153 261 3238 prium
279 3157 329 3217 est
348 3150 448 3217 animi
466 3152 547 3215 bene
565 3151 743 3233 constituti,
765 3154 797 3214 et
815 3150 932 3215 laetari
950 3151 1044 3215 bonis
1063 3151 1161 3216 rebus

96 3257 134 3306 48
154 3244 188 3305 et
211 3242 319 3305 dolere
344 3239 525 3306 contrariis.
570 3238 673 3315 Quam
701 3239 742 3303 ob
770 3259 852 3322 rem,
880 3239 908 3303 si
935 3239 1022 3304 cadit
1048 3239 1084 3302 in
1112 3261 1160 3304 sa-

152 3330 295 3415 pientem
319 3329 418 3392 animi
441 3328 547 3405 dolor,
571 3328 626 3411 qui
648 3326 793 3411 profecto
818 3326 919 3410 cadit,
942 3327 1006 3391 nisi
1029 3349 1067 3390 ex
1091 3328 1160 3392 eius
1175 3345 1200 3386 aa

153 3418 261 3482 animo
281 3417 475 3500 extirpatanr
488 3416 725 3480 humanitatem
742 3415 948 3498 arbitramur,
967 3437 1048 3500 quae
1063 3437 1162 3480 causa

153 3509 213 3608 est,
231 3526 287 3570 cur
305 3504 482 3568 amicitiam
499 3503 645 3567 funditus
663 3503 819 3568 tollamus
839 3527 855 3568 e
874 3505 951 3586 vita,
973 3525 1013 3568 ne
1033 3503 1160 3589 aliquas

319 3584 772 3688 ff-*s
