2430 3990
106 110 109 121 ι
159 158 222 222 140
396 154 489 210 CATO
508 154 627 210 MAIOR
645 154 694 210 DE
714 153 925 210 sannorum

157 318 203 383 sis
227 317 410 399 elaborant,
440 336 521 399 quae
550 315 655 381 sciunt
682 315 765 379 nihil
793 316 834 378 ad
857 336 891 379 se
915 315 1045 380 omnino
1068 316 1169 400 perti·

54 437 56 441 ⁴
156 427 246 470 nere:
275 401 394 468 ‘Serit
422 405 593 487 arbores,
626 424 720 486 quae
749 402 866 466 alteri
899 405 1053 468 saeculo
1080 425 1169 488 pro-

106 508 139 558 to
159 491 262 577 sint',
284 495 322 556 ut
345 491 392 555 ait
415 488 540 554 Statius
562 494 674 554 noster
696 490 730 554 in
748 488 959 574 Synephebis.
996 489 1066 555 Nec
1088 513 1168 557 vero

159 581 286 644 dubitat
315 577 473 663 agricola,
506 578 652 660 quamvis
685 578 728 641 sit
761 599 869 661 senex,
902 578 1082 661 quaerenti,
1115 580 1169 643 eui

159 670 255 750 serat,
278 665 484 749 respondere:
508 663 592 727 ‘Dis
615 665 905 750 inmortalibus,
928 665 993 748 qui
1015 687 1070 729 me
1091 687 1169 731 non
1192 681 1200 724 e

159 754 334 837 accipere
353 753 463 817 modo
482 752 574 815 hace
593 773 613 815 a
630 752 843 817 maioribus
862 753 1083 835 voluerunt,
1102 755 1169 819 sed

120 841 275 907 8etiam
303 839 473 925 posteris
501 837 683 923 prodere?
728 839 773 903 Et
800 840 915 905 melius
939 838 1099 905 Caecilius
1128 842 1169 906 de

160 950 235 993 sene
259 928 354 993 alteri
378 927 506 992 saeculo
529 925 746 1010 prospiciente
770 949 867 1010 quam
890 927 972 992 illud
993 928 1092 993 idem:

93 1100 96 1104 μ
203 1015 363 1100 Edepol,
387 1017 580 1098 senectus,
603 1011 638 1077 si
658 1014 714 1078 nil
738 1014 940 1098 quicquam
964 1015 1070 1080 alidd
1092 1016 1169 1082 viti

203 1104 398 1188 Adpdrtes
413 1107 546 1186 tecum,
561 1124 642 1167 cum
657 1101 827 1187 advenis,
841 1124 955 1167 unum
967 1101 1006 1167 id
1020 1107 1081 1168 sat
1093 1109 1168 1190 est,
1182 1122 1200 1163 1⁸

204 1189 310 1266 Quod
324 1188 388 1254 diu
402 1190 564 1255 vivendo
579 1189 714 1273 mrilta,
734 1212 829 1274 quae
842 1213 917 1255 non
935 1191 1030 1274 vdlt,
1049 1191 1169 1258 videt.

158 1278 204 1342 Et
226 1278 330 1342 multa
352 1277 505 1361 fortasse,
528 1299 610 1360 quae
632 1279 714 1342 volti
743 1281 840 1361 atque
862 1278 897 1342 in
920 1300 971 1357 ea,
995 1300 1076 1362 quae
1099 1301 1169 1353 uon

160 1366 243 1448 volt,
276 1386 371 1448 saepe
404 1365 503 1428 etiam
536 1364 753 1428 adulescentia
783 1366 926 1430 incurrit.
972 1364 1059 1430 Hlud
1088 1389 1167 1432 vero

159 1452 244 1516 idem
268 1449 426 1517 Caecilius
449 1450 611 1515 vitiosius:

204 1539 296 1604 Tum
323 1538 497 1623 equidem
524 1536 563 1602 in
591 1542 745 1602 senecta
772 1537 844 1603 hoc
867 1539 1008 1623 deputo
1031 1541 1200 1605 miser-a

880 1649 1016 1691 rimam

204 1711 357 1778 Sentire
371 1735 414 1778 ea
428 1716 557 1776 aetate
571 1713 725 1796 eumpse
744 1734 827 1777 esse
846 1677 1166 1781 odiosum'ilteri.

106 1817 140 1866 ae
159 1800 337 1865 Iucundum
358 1801 468 1885 potius
493 1822 589 1883 quam
613 1801 768 1864 odiosum.
803 1799 851 1864 Ut
873 1801 958 1865 enim
982 1801 1165 1866 adulescen-

158 1888 246 1952 tibus
269 1889 355 1952 bona
372 1887 480 1952 indole
498 1887 653 1971 praeditis
672 1887 833 1972 sapientes
853 1909 944 1951 senes
964 1888 1166 1954 delectantur

158 1975 323 2058 leviorque
346 1975 385 2038 fit
407 1978 553 2041 senectus
578 1996 696 2058 eorum,
720 1975 775 2059 qui
793 1996 813 2039 a
830 1975 996 2040 iuventute
1014 1976 1165 2041 coluntur

158 2066 192 2128 et
215 2063 409 2148 diliguntur,
437 2064 483 2128 sio
507 2062 726 2127 adulescentes
750 2083 861 2127 senum
884 2061 1064 2147 praeceptis
1088 2084 1166 2148 gau-

159 2150 243 2233 dent,
267 2151 383 2235 quibus
407 2152 448 2215 ad
470 2151 627 2215 virtutum
652 2151 758 2215 studia
782 2151 954 2234 ducuntur;
975 2172 1033 2216 nec
1057 2151 1165 2217 minus

157 2238 314 2322 intellego
338 2260 390 2302 me
412 2238 505 2303 vobis
529 2260 626 2321 quam
644 2238 725 2303 mihi
742 2260 800 2302 vos
820 2260 889 2303 esse
906 2239 1070 2304 iucundos.
1102 2237 1165 2304 Sed

158 2324 289 2408 videtis,
318 2328 355 2388 ut
383 2327 528 2388 senectus
555 2336 621 2389 non
647 2326 743 2389 modo
771 2324 925 2409 languida
953 2328 1049 2409 atque
1077 2326 1164 2391 iners

157 2433 224 2476 non
252 2412 309 2495 sit,
340 2433 451 2476 verum
485 2412 581 2475 etiam
614 2413 658 2476 sit
685 2416 825 2495 operosa‘
849 2415 882 2475 et
909 2434 1035 2497 semper
1063 2436 1163 2499 agens

158 2499 282 2582 aliquid
309 2502 342 2563 et
369 2499 519 2583 moliens,
546 2500 613 2562 tale
640 2499 776 2581 scilicet,
805 2500 898 2582 quale
921 2500 1073 2584 cuiusque
1097 2505 1164 2566 stu·
1178 2518 1204 2560 re

159 2586 247 2651 dium
269 2587 304 2650 in
333 2586 497 2671 superiore
525 2586 593 2651 vita
623 2586 694 2651 fuit.
739 2584 844 2660 Quid?
873 2587 927 2671 qui
955 2587 1053 2652 etiam
1077 2589 1164 2653 addi-

158 2678 253 2739 scunt
267 2672 411 2757 aliquid?
429 2677 467 2738 ut
485 2678 518 2737 et
532 2671 683 2738 Solonem
701 2674 848 2740 versibus
868 2674 1062 2759 gloriantem
1078 2676 1163 2741 vide

157 2783 243 2845 mus,
274 2761 329 2845 qui
356 2782 390 2825 se
418 2761 535 2826 cotidie
563 2761 685 2845 aliquid
713 2762 930 2827 addiscentem
953 2763 1031 2827 dicit
1054 2785 1163 2828 senem

156 2849 240 2932 fieri,
272 2852 305 2912 et
333 2869 393 2934 ego
420 2848 495 2932 feci,
528 2849 583 2933 qui
610 2850 737 2914 litteras
761 2849 900 2915 Graecas
929 2872 1025 2915 senex
1053 2850 1164 2935 didici3

157 2957 238 3021 quas
262 2936 391 3020 quidem
415 2936 460 3002 sic
483 2937 575 3001 avide
599 2938 720 3022 arripui
745 2938 837 3021 quasi
864 2937 1049 3003 diuturnam
1072 2938 1164 3003 sitim
1178 2958 1204 2998 so

156 3026 283 3109 explere
307 3024 452 3109 cupiens,
478 3027 516 3088 ut
539 3046 577 3088 ea
598 3025 671 3110 ipsa
694 3026 773 3090 mihi
795 3029 875 3090 nota
896 3030 1017 3109 essent,
1045 3026 1164 3109 quibus

156 3133 207 3176 me
221 3134 306 3177 nune
320 3112 475 3195 exemplis
494 3112 544 3176 uti
561 3111 687 3178 videtis.
724 3112 816 3189 Quod
835 3135 906 3177 eum
923 3112 1037 3177 iecisse
1052 3111 1165 3178 Socra-

156 3203 223 3265 tem
245 3200 280 3263 in
301 3199 419 3263 fidibus
447 3200 604 3284 audirem,
634 3202 751 3265 vellem
780 3200 928 3283 equidem
955 3200 1054 3264 etiam
1081 3201 1165 3266 illud

156 3285 339 3373 (discebant
362 3287 446 3351 enirn
469 3287 588 3352 fidibus
611 3288 766 3373 antiqui),
793 3288 849 3352 sed
876 3288 911 3352 in
933 3288 1052 3353 litteris
1076 3295 1165 3354 certe

156 3375 329 3441 elaborari.
878 3383 886 3392 ”
1178 3393 1200 3436 rs

102 3432 137 3557 ἐξ
221 3461 290 3529 Nec
317 3485 401 3528 nuno
428 3463 557 3547 quidem
584 3463 669 3529 vires
698 3462 842 3527 desidero
871 3461 1085 3529 adulescentis
1120 3464 1164 3548 (is
