2430 3990
168 200 230 263 158
404 197 498 253 CATO
517 196 635 251 MAIOR
653 196 702 250 DE
722 196 932 252 SENEGTUTE

166 380 206 424 ne
229 357 470 424 crudelissimus
493 358 623 442 quidem
644 357 750 423 hostis
772 357 894 423 honore
916 358 1105 443 sepulturae
1123 381 1172 424 ca·

167 469 236 512 rere
259 468 375 532 passus
398 450 456 531 est,
480 447 537 510 sed
559 447 704 531 legiones
726 449 866 529 nostras,
890 445 976 529 quod
999 445 1119 530 scripsi
1141 447 1174 511 in

167 534 367 620 Originibus,
407 534 441 597 in
478 556 551 598 eum
589 534 695 599 locum
735 555 829 618 saepe
866 532 1029 618 profectas
1072 535 1174 600 alacri

168 623 274 688 animo
299 626 332 686 et
355 624 471 704 erecto,
493 621 576 686 unde
600 642 634 685 se
657 621 816 686 redituras
838 642 1015 705 numquam
1035 622 1174 688 arbitra

167 713 287 774 rentur.
333 707 425 783 Quod
448 709 550 794 igitur
573 709 809 793 adulescentes,
836 712 869 773 et
896 709 921 773 ii
948 709 1079 792 quidem
1108 732 1175 775 non

168 798 274 861 solum
296 795 427 879 indocti,
451 797 506 860 sed
529 796 627 860 etiam
650 797 771 880 rustici,
793 800 1012 881 contemnunt,
1032 795 1066 861 id
1087 797 1176 864 docti

116 903 148 952 lo
165 881 259 949 'senes
284 884 515 950 extimescunt?
543 883 696 967 Omnino,
720 887 758 947 ut
780 885 861 948 mihi
883 884 1013 968 quidem
1035 884 1176 971 videtur,

168 972 348 1037 studiorum
368 972 511 1037 omnium
525 972 659 1036 satietas
674 971 760 1036 ritae
774 971 853 1037 facit
867 972 1061 1037 satietatem.
1092 971 1176 1040 Sunt

139 1069 142 1073 '
167 1060 325 1145 pueritiae
348 1060 455 1126 studia
477 1064 579 1144 certa3
603 1082 680 1124 num
703 1059 805 1146 igitur
828 1080 866 1124 ea
890 1059 1074 1125 desiderant
1099 1062 1176 1128 adu·

167 1148 347 1213 lescentes?
380 1151 455 1213 sunt
477 1147 617 1213 ineuntis
645 1146 896 1232 adulescentiae3
926 1169 1005 1214 num
1032 1169 1072 1212 ea
1101 1171 1175 1216 con·

168 1236 258 1299 stans
282 1237 347 1299 iam
374 1235 511 1318 requirit
539 1239 643 1319 aetas,
676 1257 757 1320 quae
787 1236 892 1301 media
920 1235 1058 1300 dicitur?
1098 1243 1176 1304 sunt

168 1323 267 1386 etiam
290 1323 358 1386 eius
382 1322 515 1406 aetatis3
545 1344 586 1387 ne
614 1344 651 1386 ea
679 1324 807 1406 quidem
836 1328 1032 1408 quaeruntur
1064 1323 1100 1388 in
1131 1348 1176 1392 se

166 1412 310 1493 nectute;
328 1413 404 1473 sunt
423 1414 566 1474 extrema
580 1410 738 1493 quaedam
754 1411 861 1475 studia
876 1411 1065 1495 senectutis,
1086 1435 1176 1500 ergo,

167 1501 204 1562 ut
227 1497 429 1581 superiorum
453 1500 597 1561 aetatum
625 1497 733 1562 studia
760 1498 922 1582 occidunt,
950 1499 996 1564 sic
1023 1500 1176 1566 occidunt

116 1585 267 1698 21etiam
291 1584 481 1667 senectutis3
504 1585 681 1668 quodcum
700 1585 816 1668 evenit,
834 1586 968 1650 satietas
987 1587 1075 1651 vitae
1094 1592 1176 1654 tem·

117 1712 148 1761 lt
167 1695 227 1758 pus
256 1676 420 1737 maturum
452 1672 567 1737 mortis
596 1671 708 1736 adfert.
753 1671 829 1737 Non
856 1674 942 1737 enim
968 1674 1076 1756 video,
1109 1698 1177 1762 eur,

169 1760 246 1844 quid
267 1760 337 1844 ipse
361 1759 499 1824 sentiam
521 1760 559 1823 de
577 1763 691 1842 morte,
708 1781 774 1824 non
793 1761 928 1824 audeam
945 1762 1039 1826 vobis
1059 1763 1178 1849 dicere,

169 1847 254 1931 quod
278 1868 315 1911 eo
339 1867 467 1911 cernere
490 1846 570 1910 mihi
593 1847 709 1911 melius
731 1846 856 1929 videor,
886 1869 949 1931 quo
973 1848 1014 1912 ab
1038 1871 1076 1914 ea
1101 1874 1177 1935 pro

167 1935 240 2019 pius
269 1935 392 1999 absum.
436 1933 510 2020 Ego
537 1938 664 1999 vestros
691 1938 815 2019 patres,
846 1933 881 1998 P.
909 1932 1031 2018 Scipio,
1063 1940 1177 2025 tuque,

167 2021 203 2088 G.
216 2022 317 2107 Laeli,
336 2022 424 2088 viros
444 2021 641 2087 clarissimos
660 2021 804 2106 mihique
822 2022 1045 2106 amicsss1mos,
1063 2046 1177 2093 v1vere

169 2111 324 2194 arbitror,
356 2114 389 2174 et
416 2131 488 2174 eam
514 2110 642 2194 quidem
671 2110 786 2194 vitam,
818 2131 900 2194 quae
928 2113 978 2174 est
1005 2110 1077 2175 sola
1104 2114 1177 2180 vita

167 2198 371 2264 nominanda.
416 2196 519 2281 Nam,
542 2198 618 2263 dum
642 2220 751 2263 sumus
774 2198 891 2263 inclusi
913 2199 948 2261 in
969 2197 1021 2262 his
1045 2220 1177 2285 compa·

79 2310 80 2313 ¹
168 2286 263 2370 gibus
287 2285 445 2368 corporis,
472 2306 604 2349 munere
632 2286 771 2368 quodam
793 2286 997 2349 necessitatis
1021 2289 1054 2349 et
1078 2290 1176 2372 gravi

168 2394 264 2456 opere
286 2370 525 2456 perfungimur3
557 2374 607 2435 est
634 2372 719 2435 enim
743 2372 868 2436 animus
892 2372 1041 2437 caelestis
1066 2395 1105 2438 ex
1130 2377 1175 2440 al-

167 2460 294 2525 tissimo
319 2458 481 2524 domicilio
505 2457 675 2542 depressus
699 2461 732 2522 et
755 2459 848 2542 quasi
871 2458 1034 2525 demersus
1058 2461 1093 2525 in
1110 2455 1176 2528 ter·

168 2570 247 2631 ram,
269 2547 376 2611 locum
400 2545 526 2610 divinae
544 2549 679 2610 naturae
699 2546 946 2630 aeternitatique
965 2548 1174 2616 contrarium.

169 2633 231 2699 Sed
250 2634 343 2699 credo
364 2633 440 2697 deos
459 2633 649 2698 inmortales
669 2633 826 2718 sparsisse
841 2635 965 2699 animos
984 2635 1177 2722 incorpora

168 2723 323 2805 humana,
350 2723 387 2784 ut
410 2724 532 2804 essent,
555 2721 611 2804 qui
634 2725 736 2785 terras
760 2726 940 2806 tuerentur,
965 2723 1083 2808 quique
1106 2747 1176 2790 cae·

168 2810 300 2874 lestium
323 2808 469 2872 ordinem
492 2809 748 2893 contemplantes
771 2809 976 2874 imitarentur
996 2833 1068 2875 eum
1087 2812 1176 2878 vitae

169 2897 264 2962 modo
289 2900 385 2980 atque
409 2896 601 2961 constantia.
646 2895 714 2962 Nec
736 2919 788 2962 me
811 2898 917 2963 solum
940 2898 1025 2963 ratio
1049 2920 1087 2964 ac
1114 2901 1176 2966 dis-

168 2985 296 3070 putatio
319 2983 459 3068 impulit,
482 2987 519 3048 ut
541 2984 589 3047 ita
611 2984 785 3068 crederem,
813 2986 870 3049 sed
892 2986 1051 3061 ¹nobilitas
1076 2988 1177 3054 etiam

117 3089 150 3140 ⁷8
169 3094 368 3138 summorum
395 3071 665 3156 philosophorum
696 3076 730 3136 et
762 3072 946 3138 auctoritas.
993 3072 1177 3147 Audiebam

168 3161 391 3245 Pythagoram
422 3158 724 3244 Pythagoreosque,
754 3159 876 3225 incolas
904 3182 1006 3245 paene
1033 3166 1177 3250 nostros,

40 3238 45 3250 ’
170 3248 225 3333 qui
249 3251 356 3312 essent
379 3245 487 3311 Italici
509 3246 696 3334 philosophi
716 3247 877 3330 quondam
895 3247 1064 3333 nominati,
1084 3272 1177 3316 num-

171 3357 268 3420 quam
291 3334 470 3417 dubitasse,
500 3334 579 3418 quin
601 3357 640 3398 ex
663 3335 811 3400 universa
834 3339 941 3400 mente
964 3336 1074 3401 divina
1098 3338 1178 3404 deli·

169 3424 265 3489 batos
280 3423 405 3487 animos
420 3422 622 3486 haberemus.
654 3421 972 3488 Demonstrabantur
990 3424 1072 3488 mihi
1086 3449 1177 3510 prae

170 3516 269 3597 terea,
285 3531 366 3595 quae
381 3507 530 3575 Socrates
545 3530 696 3594 supremo
712 3510 797 3576 vitae
817 3510 867 3575 die
886 3511 925 3575 de
938 3511 1178 3580 inmortalitate
