2430 3990
403 183 479 240 cnr.
501 191 612 241 12-14.
650 191 795 251 scr-lc.
1038 184 1099 248 147

95 348 268 431 peteretur,
287 344 434 428 quodque
450 350 561 430 spreta
574 349 608 410 et
625 349 812 430 contempta
827 347 995 430 voluptate
1009 349 1100 431 optu-

95 455 167 498 mus
198 433 332 516 quisque
361 436 556 516 sequeretur.
601 431 744 507 Quorsus
772 433 873 519 igitur
900 438 968 499 tam
996 435 1100 499 multa
1119 450 1156 500 44

95 521 134 586 de
157 521 347 606 voluptate?
393 519 475 595 Quia
498 542 562 586 non
585 521 680 586 modo
704 522 899 606 vituperatio
921 523 1022 605 nulla,
1045 523 1101 587 sed

46 684 51 693 ⁵
95 609 195 674 etism
219 630 345 672 summa
369 609 439 673 laus
464 609 638 673 senectutis
662 612 720 692 est,
746 609 832 693 quod
855 631 893 674 ea
915 610 1100 694 voluptates

66 697 200 761 enullas
224 717 420 782 magnopere
440 696 607 761 desiderat.
645 695 741 762 Caret
760 697 864 781 epulis
883 698 1101 782 extractisque

94 785 215 849 mensis
239 784 513 867 etfrequentibus
534 784 669 868 poculis,
692 788 780 850 caret
799 806 876 871 ergo
896 786 994 850 etiam
1012 787 1101 851 vinu-

95 873 197 937 lentia
220 876 253 935 et
276 872 435 937 cruditate
459 875 491 936 et
517 871 697 938 insomniis.
743 870 806 936 Sed
829 873 857 936 si
880 873 1003 957 aliquid
1027 875 1102 938 dan·

95 960 172 1025 dum
196 963 246 1024 est
268 959 440 1044 voluptati,
464 960 617 1044 quoniam
641 960 709 1025 eius
731 960 899 1025 blanditiis
922 983 988 1026 non
1005 961 1100 1026 facile

95 1047 284 1113 obsistimus
318 1046 438 1133 (divine
471 1048 556 1111 enim
587 1047 683 1112 Plato
716 1047 859 1112 ‘escam
896 1049 1100 1114 malorum'

54 1156 83 1196 ro
96 1136 482 1220 appellatioluptatem,
506 1136 591 1218 quod
614 1158 652 1200 ea
674 1135 825 1201 videlicet
846 1136 995 1200 homines
1019 1137 1102 1219 capi·

96 1227 192 1289 antur
215 1227 251 1287 ut
274 1222 408 1309 pisces),
436 1245 630 1307 quamquam
653 1223 862 1288 inmoderatis
887 1224 990 1308 epulis
1014 1229 1104 1289 caret

95 1314 256 1393 senectus,
292 1311 425 1376 modicis
461 1315 570 1375 tamen
607 1311 762 1376 conviviis
799 1312 952 1376 delectari
984 1316 1101 1396 potest.

96 1397 131 1464 Ο.
145 1398 311 1463 Duellium
329 1398 372 1463 M.
390 1398 421 1482 f,
444 1399 500 1482 qui
517 1397 644 1464 Poenos
662 1400 766 1464 classe
784 1399 908 1484 primus
932 1399 1104 1484 devicerat,

96 1487 282 1551 redeuntem
307 1509 326 1550 a
344 1508 422 1563 cena
441 1508 549 1552 senem
569 1508 664 1571 saepe
682 1487 832 1552 videbam
850 1509 943 1572 puer,
967 1487 1103 1552 delecta·

55 1592 82 1634 rs
96 1575 193 1639 batur
212 1595 302 1639 cereo
322 1573 425 1639 funali
443 1579 476 1639 et
494 1575 636 1658 tibicine,
659 1597 740 1658 quae
759 1575 823 1640 sibi
840 1575 931 1640 nullo
956 1576 1102 1660 exemplo

70 1678 74 1691 ·
119 1662 244 1727 rivatus
277 1666 473 1746 sumpserat3
509 1665 638 1727 tantum
674 1663 823 1727 licentiae
857 1663 956 1727 dabat
987 1663 1102 1748 gloria.

96 1686 160 1814 ded
183 1749 260 1833 quid
283 1770 343 1834 ego
367 1750 470 1815 alios?
494 1751 536 1815 ad
558 1772 609 1814 me
631 1750 739 1834 ipsum
762 1751 827 1814 iam
850 1755 1003 1816 revertar.
1034 1750 1101 1814 Pri·
1120 1766 1154 1816 45

97 1859 185 1902 mum
218 1837 318 1902 habui
350 1858 477 1921 semper
509 1838 644 1903 sodales.
690 1836 886 1902 Sodalitates
915 1842 1023 1903 autem
1050 1862 1101 1903 me

98 1928 268 2010 quaestore
288 1925 482 1990 constitutae
502 1929 579 1990 sunt
597 1927 697 1991 sacris
715 1925 821 1990 Idaeis
835 1925 1102 2011 MagnaeMatris

10 2034 19 2071 ι
56 2031 83 2071 20
97 2013 246 2096 acceptis.
283 2011 450 2096 Epulabar
472 2013 573 2097 igitur
598 2036 670 2077 cum
695 2012 859 2077 sodalibus
883 2014 1013 2077 omnino
1036 2036 1102 2078 mo-

97 2101 175 2183 dice,
199 2100 255 2163 sed
274 2105 343 2163 erat
363 2099 493 2183 quidam
511 2099 622 2164 fervor
640 2099 771 2182 aetatis3
794 2121 858 2182 qua
876 2101 1102 2185 progrediente

98 2187 207 2252 omnia
238 2187 320 2251 fiunt
351 2187 385 2250 in
416 2186 483 2250 dies
515 2187 654 2251 mitiora.
704 2184 816 2270 Neque
846 2187 930 2251 enim
958 2188 1103 2273 ipsorum

97 2274 318 2341 conviviorum
334 2273 580 2339 delectationem
594 2274 817 2360 voluptatibus
833 2275 978 2358 corporis
996 2277 1101 2361 magis

98 2385 196 2447 quam
218 2367 312 2427 coetu
335 2361 512 2427 amicorum
535 2366 568 2427 et
591 2363 793 2428 sermonibus
812 2363 977 2429 metiebar.
1014 2363 1102 2429 Bene

10 2471 14 2507 t
58 2469 84 2509 ss
99 2451 185 2516 enim
208 2449 347 2514 maiores
370 2450 605 2516 accubitionem
628 2450 794 2535 epularem
817 2451 1002 2536 amicorum,
1027 2453 1103 2536 quia

98 2539 184 2604 vitae
194 2537 451 2603 coniunctionem
461 2538 604 2622 haberet,
619 2538 835 2604 convivium
845 2539 1102 2625 nominaverunt,

99 2626 213 2691 melius
242 2648 339 2709 quam
367 2624 495 2710 Graeci,
528 2627 582 2709 qui
609 2626 671 2691 hoc
698 2625 783 2690 idem
811 2629 881 2690 tum
909 2631 1102 2710 compota·

98 2714 254 2797 tionem,
281 2717 351 2777 tum
378 2714 693 2778 concenationem
720 2717 851 2797 vocant,
879 2717 928 2798 ut,
957 2714 1042 2798 quod
1068 2715 1102 2779 in

98 2822 136 2867 eo
155 2822 271 2886 genere
290 2801 458 2865 minimum
478 2804 536 2884 est,
559 2801 592 2865 id
609 2802 748 2866 maxime
766 2802 905 2884 probare
923 2802 1101 2867 videantur.

59 2906 85 2947 so
98 2889 170 2975 Ego
193 2911 270 2954 vero
293 2892 426 2973 propter
449 2890 606 2954 sermonis
629 2889 875 2954 delectationem
898 2891 1101 2974 tempestivis
1115 2861 1154 2986 14ss

98 2998 225 3061 quoque
248 2976 402 3041 conviviis
426 2977 576 3060 delector,
597 2999 656 3043 neo
678 2998 751 3041 cum
774 2978 962 3060 aequalibus
985 2978 1102 3062 solum,

99 3064 155 3148 qui
181 3064 275 3149 pauci
303 3064 475 3128 admodum
502 3068 641 3148 restant,
673 3064 729 3129 sed
760 3087 833 3129 cum
864 3068 973 3130 vestra
1003 3065 1102 3130 etiam

99 3155 206 3217 aetate
233 3155 330 3235 atque
358 3152 540 3237 vobiscum,
569 3152 737 3235 habeoque
765 3153 922 3217 senectuti
937 3173 1102 3239 magnam

100 3240 250 3326 gratiam,
272 3260 353 3322 quae
376 3239 458 3303 mihi
481 3240 637 3304 sermonis
661 3240 851 3305 aviditatem
874 3240 977 3324 auxit,
998 3241 1102 3326 potio·

59 3344 84 3386 ss
97 3328 149 3392 nis
169 3330 202 3392 et
220 3326 284 3392 cibi
303 3327 445 3392 sustulit.
481 3326 602 3402 Quodsi
620 3349 716 3411 quem
738 3327 836 3391 etiam
858 3327 923 3392 ista
941 3328 1102 3393 delectant

113 3437 155 3480 ne
169 3415 298 3480 omnino
317 3415 440 3479 bellum
457 3414 610 3479 indixisse
628 3415 738 3480 videar
756 3415 927 3501 voluptati,
945 3417 1033 3481 cuius
1053 3419 1103 3480 est

113 3507 239 3568 ortasse
262 3502 392 3587 quidam
414 3503 574 3568 naturalis
593 3502 730 3588 modus),
752 3524 818 3567 non
836 3501 990 3590 intellego
1008 3524 1049 3567 ne
1067 3503 1102 3568 in

892 3604 943 3659 10*
