2430 3990
462 176 496 248 v,
514 176 561 232 vr.
589 183 604 243 s
623 183 736 233 40-4o.
1034 177 1099 240 211

92 339 212 404 iudicet
240 339 387 421 divitem,
419 360 485 404 non
515 338 685 403 hominum
712 359 818 402 sermo
845 359 948 421 neque
975 359 1101 422 posses·

93 429 201 492 aiones
224 431 308 492 tuae.
353 425 446 491 Nihil
470 426 533 490 sibi
557 427 667 491 deesse
689 429 794 511 putat,
815 425 898 490 nihil
921 429 1014 490 curat
1036 448 1101 490 am·

92 516 194 600 plius,
222 516 360 579 satiatus
383 518 433 578 est
456 518 514 578 aut
536 517 705 579 contentus
730 514 829 578 etiam
851 514 1000 597 pecunia3
1029 535 1102 579 con·

93 604 180 687 cedo,
199 603 289 669 dives
303 606 361 667 est.
394 600 452 665 Sin
465 605 573 666 autem
592 605 725 686 propter
744 602 935 666 aviditatem
948 602 1101 687 pecuniae

65 691 220 755 anullum
248 694 419 775 quaestum
445 693 575 775 turpem
602 694 713 774 putas,
745 711 818 755 cum
844 690 901 754 isti
929 690 1034 754 ordini
1061 710 1101 754 ne

93 779 249 843 honestus
273 778 402 862 quidem
424 778 530 862 possit
553 799 623 842 esse
644 779 746 861 ullus,
770 778 798 842 si
820 777 938 843 cotidie
960 777 1102 861 fraudas,

94 867 224 952 decipis,
246 866 363 951 poscis,
385 866 566 951 pacisceris,
590 865 707 949 aufers,
729 866 836 950 eripis,
860 866 888 930 si
906 866 1011 931 socios
1030 886 1102 950 spo·

93 956 170 1039 lias,
202 955 363 1019 aerarium
396 954 534 1039 expilas,
566 954 595 1018 si
627 957 824 1018 testamenta
856 955 1033 1018 amicorum
1064 975 1103 1018 ree

95 1046 244 1128 expectas
282 1042 411 1126 quidem
446 1047 543 1126 atque
574 1042 644 1126 ipse
677 1042 845 1127 supponis,
881 1040 961 1106 haee
993 1047 1102 1105 utrum

57 1148 81 1187 10
95 1131 290 1195 abundantis
319 1152 361 1195 an
388 1132 514 1216 egentis
537 1130 631 1215 signa
655 1130 752 1194 sunt?
797 1128 936 1193 Animus
959 1129 1100 1194 hominis
1119 1145 1153 1194 44

95 1218 198 1301 dives,
224 1240 290 1282 non
318 1241 406 1302 arca,
432 1239 510 1300 prae
537 1218 695 1303 appellari
724 1218 816 1282 solet.
862 1217 1016 1293 Quamvis
1042 1218 1101 1282 illa

95 1307 139 1370 sit
161 1307 267 1391 plena,
290 1306 365 1371 dum
386 1310 420 1370 te
437 1306 567 1371 inanem
585 1306 710 1390 videbe,
734 1306 868 1371 divitem
885 1328 951 1370 non
969 1307 1101 1390 putabo.

93 1393 225 1458 Etenim
254 1416 293 1458 ex
316 1416 368 1477 ee,
398 1398 556 1478 quantum
583 1394 697 1477 cuique
725 1395 805 1459 satis
834 1398 896 1477 est,
924 1395 1102 1458 metiuntur

94 1482 240 1547 homines
256 1482 441 1547 divitiarum
456 1483 595 1548 modum.
627 1481 744 1546 Filiam
759 1482 830 1565 quis
844 1483 953 1560 habet,
966 1483 1102 1566 pecunia

48 1587 80 1627 ,ιε
95 1573 145 1634 est
169 1591 264 1654 opus3
293 1571 386 1653 duas,
409 1571 545 1654 maiore;
571 1570 688 1654 pluria,
711 1571 833 1634 maiore
857 1570 969 1653 etiam;
997 1571 1037 1654 si,
1064 1574 1102 1635 ut

48 1716 50 1735 ,
95 1658 187 1722 aiunt
213 1656 236 1737 †
263 1657 413 1722 Danaum
440 1658 677 1742 quinquaginta
704 1658 770 1722 sint
796 1658 897 1742 filiae,
928 1662 980 1723 tot
1009 1659 1101 1724 dotes

48 1818 51 1832 ³
95 1764 249 1829 magnam
277 1748 435 1845 quaerunt
461 1745 640 1828 pecuniam.
686 1744 850 1820 Quantum
879 1746 965 1811 enim
988 1747 1102 1833 cuique

95 1832 318 1995 33¹5,ssth
333 1832 1102 2006 {llll‘llllaltfftltdttttt

58 2022 82 2066 ro
95 2008 289 2092 cupiditates
307 2006 416 2090 habet,
439 2030 520 2091 quae
539 2010 630 2074 brevi
648 2013 794 2094 tempore
813 2010 970 2073 maximas
991 2011 1100 2094 copias

95 2097 264 2161 exhaurire
282 2095 419 2180 possint,
442 2095 609 2179 huncque
628 2097 723 2162 modo
743 2118 803 2182 ego
828 2098 999 2182 appellabo
1025 2098 1101 2162 divi·
1132 2135 1134 2138 ·

95 2190 176 2268 tem,
203 2207 276 2249 cum
303 2184 373 2268 ipse
397 2204 491 2269 egere
514 2205 549 2248 se
572 2185 714 2250 sentiat?
758 2184 856 2250 Multi
879 2206 917 2248 ex
940 2190 973 2249 te
996 2186 1101 2250 audie-
1119 2202 1153 2252 45

95 2277 184 2356 runt,
216 2294 289 2337 cum
322 2272 442 2336 diceres
474 2271 636 2335 neminem
668 2294 738 2337 esse
770 2273 919 2358 divitem,
950 2273 1013 2338 nisi
1046 2275 1102 2358 qui

96 2360 271 2425 exereitum
299 2362 384 2424 alere
411 2363 523 2444 posset
550 2359 617 2423 suis
643 2359 818 2445 fructibus,
849 2361 935 2446 quod
960 2362 1101 2446 populus

55 2461 81 2503 ²⁵
95 2448 261 2513 Romanus
288 2448 390 2512 tantis
413 2448 632 2533 uectigalibus
658 2447 724 2512 iam
751 2449 876 2532 pridem
903 2449 956 2516 vix
982 2454 1101 2535 potest.

94 2536 184 2619 Ergo
207 2537 269 2601 hoc
290 2537 459 2621 proposito
482 2558 658 2618 numquam
681 2536 745 2600 eris
769 2537 857 2601 dives
886 2542 974 2622 ante,
1004 2560 1102 2622 quam

94 2623 157 2687 tibi
184 2645 223 2687 ex
249 2624 315 2688 tuis
342 2624 601 2708 possessionibus
635 2627 763 2688 tanturn
790 2625 965 2710 reficietur,
998 2623 1036 2690 ut
1063 2648 1101 2691 eo

93 2710 180 2775 tueri
194 2732 250 2775 sex
264 2712 409 2796 legiones
424 2717 457 2776 et
470 2733 590 2797 magna
604 2713 749 2794 equitum
767 2734 804 2777 ao
822 2713 967 2796 peditum
981 2714 1102 2779 auxilia

93 2798 210 2883 possis.
254 2798 325 2864 Iam
352 2799 466 2864 fateris
493 2801 595 2886 igitur
621 2822 688 2865 non
715 2820 785 2864 esse
812 2804 845 2865 te
873 2801 1020 2885 divitem,
1051 2803 1103 2867 cui

51 2901 80 2943 ³0
94 2890 224 2951 tantum
252 2887 348 2969 desit,
379 2892 417 2953 ut
447 2889 576 2973 expleas
608 2889 654 2973 id,
687 2889 772 2972 quod
800 2892 943 2974 exoptas.
987 2889 1102 2974 Itaque

92 2975 192 3039 istam
219 2980 446 3059 paupertatem
473 2977 525 3041 vel
552 2977 661 3062 potius
690 2981 869 3062 egestatem
893 3000 930 3042 ac
953 2977 1102 3043 mendici-

92 3067 197 3128 tatem
223 3066 316 3128 tuam
343 3086 520 3148 numquam
548 3066 683 3130 obscure
711 3066 825 3130 tulisti.
870 3065 957 3130 Nam
988 3068 1026 3128 ut
1051 3065 1101 3150 iis,
1119 3044 1154 3170 ΞΘ

93 3152 150 3234 qui
167 3151 303 3217 honeste
321 3173 390 3217 rem
414 3157 572 3236 quaerunt
595 3154 784 3219 mercaturis
807 3153 971 3235 faciendis,
995 3153 1101 3237 operis

94 3240 218 3325 dandis,
236 3241 374 3325 publicis
388 3241 560 3325 sumendis,
577 3242 798 3328 intellegimus
817 3264 898 3328 opus
918 3262 987 3305 esse
1006 3263 1102 3324 quae·

53 3328 171 3411 asilo,
204 3328 263 3412 sie,
296 3329 351 3412 qui
382 3329 472 3395 ridet
504 3329 591 3393 domi
621 3333 697 3394 tuae
726 3331 850 3415 pariter
877 3333 1101 3396 aceusatorum

93 3420 191 3499 atque
222 3416 363 3481 indicum
395 3418 598 3485 consociatos
631 3439 760 3504 greges,
797 3420 852 3503 qui
883 3421 1035 3483 nocentes
1068 3421 1102 3482 et

90 3503 283 3588 pecuniosos
310 3525 383 3570 reos
411 3505 524 3570 eodem
551 3509 584 3570 te
613 3509 721 3570 actore
749 3508 968 3592 corruptelam
991 3506 1102 3570 iudicii

885 3609 939 3662 14*
