2430 3990
145 173 209 237 164
444 174 597 230 nunnus
615 175 663 229 DE
682 175 848 231 AMICITIA

144 333 252 400 Genus
276 339 384 400 autem
407 335 469 400 hoc
492 357 677 401 sermonum
698 338 842 421 positum
860 338 893 402 in
912 338 1080 403 hominum
1099 362 1154 405 ve

143 427 249 489 terum
273 425 480 509 auctoritate,
508 428 542 489 et
568 447 679 489 eorum
706 425 908 510 inlustrium,
938 427 1013 510 plus
1040 429 1153 494 nescio

144 533 207 595 quo
230 516 326 597 pacto
349 512 477 578 videtur
498 513 618 577 habere
643 513 829 598 gravitatis3
851 513 962 597 itaque
984 515 1055 600 ipse
1078 538 1155 582 mea

144 601 255 686 legens
284 600 329 664 sic
365 600 497 666 adficior
527 601 703 685 interdum,
735 604 771 664 ut
799 599 969 686 Catonem,
1001 624 1067 668 non
1099 626 1155 670 me

108 701 124 749 5
144 688 234 772 loqui
256 688 445 752 existimem.
483 686 546 752 Sed
567 691 605 753 ut
627 692 697 752 tum
721 688 761 752 ad
785 711 892 754 senem
917 711 1013 755 senex
1041 691 1080 755 de
1105 714 1154 757 se-
1181 711 1192 751 s

22 775 35 853 l
142 779 285 859 nectute,
310 777 355 840 sic
377 776 440 841 hoc
462 776 547 840 libro
572 776 613 841 ad
637 776 775 841 amicum
799 778 1015 843 amicissimus
1035 780 1153 864 scripsi

22 862 25 876 ²
144 864 182 928 de
207 862 357 928 amicitia.
403 863 485 928 Tum
514 867 564 928 est
590 862 672 929 Cato
701 864 843 950 locutus,
871 888 934 949 quo
962 870 1033 931 erat
1054 889 1153 934 nemo

142 952 210 1017 fere
233 951 341 1018 senior
366 952 569 1036 temporibus
597 952 677 1036 illis,
709 973 804 1017 nemo
831 954 1035 1038 prudentior,
1065 976 1154 1021 nunc

142 1040 272 1105 Laelius
295 1045 329 1105 et
351 1040 480 1124 sapiens
505 1038 565 1125 (sic
589 1040 674 1104 enim
698 1043 747 1104 est
765 1039 912 1128 habitus)
937 1045 970 1106 et
989 1042 1153 1109 amicitiae

144 1129 250 1215 gloria
273 1130 432 1193 excellens
456 1129 494 1193 de
518 1128 663 1193 amicitia
685 1128 844 1212 loquetur.
877 1129 926 1194 Tu
944 1131 1041 1195 velim
1061 1154 1080 1195 a
1099 1155 1153 1197 me
1169 1153 1191 1192 ιο

144 1217 286 1280 animum
304 1238 479 1300 parumper
497 1220 635 1300 avertaS,
650 1215 796 1281 Laelium
810 1217 900 1301 loqui
918 1217 1027 1302 ipsum
1044 1223 1152 1303 putes.

143 1302 179 1369 O.
205 1303 348 1368 Fannius
378 1307 411 1368 et
438 1301 474 1378 Q.
501 1303 626 1369 Mucius
659 1304 699 1368 ad
731 1326 877 1370 socerum
908 1306 1043 1371 veniunt
1073 1314 1154 1392 post

144 1395 282 1456 mortem
306 1390 466 1475 Africani3
489 1392 530 1457 ab
553 1392 605 1455 his
629 1413 734 1456 sermo
754 1393 866 1477 oritur,
884 1394 1059 1478 respondet
1071 1395 1153 1461 Lae

144 1480 220 1560 lius,
248 1479 337 1544 cuius
361 1483 433 1544 tota
457 1478 633 1564 disputatio
657 1485 708 1544 est
731 1479 769 1544 de
799 1480 957 1566 amicitia,
986 1504 1081 1566 quam
1107 1486 1153 1549 le-

108 1571 372 1723 2gemFiirrilii.e
395 1588 589 1739 ciiiilisicsti,
618 1655 722 1738 Laeli,
753 1677 812 1720 nec
840 1657 926 1721 enim
953 1658 1069 1722 melior
1099 1661 1153 1725 vir
1168 1591 1191 1632 1⁵

108 1709 206 1808 6fuit
232 1742 387 1836 Africano
416 1743 587 1827 quisquam
613 1765 671 1807 nec
699 1743 824 1808 clarior.
870 1741 933 1808 Sed
963 1745 1153 1813 existimare

144 1832 240 1897 debes
264 1832 408 1897 omnium
430 1831 541 1895 oculos
564 1831 598 1894 in
620 1835 654 1894 te
682 1852 751 1895 esse
780 1831 941 1896 coniectos
972 1854 1085 1918 unum3
1116 1839 1153 1901 te

143 1921 322 2005 sapientem
341 1924 374 1984 et
393 1920 560 2003 appellant
578 1922 611 1983 et
625 1918 819 1983 existimant.
852 1917 1070 1984 Tribuebatur
1087 1922 1153 1988 hoc

143 2009 238 2074 modo
262 2008 304 2073 M.
327 2006 459 2091 Catoni,
481 2007 600 2071 scimus
622 2006 658 2070 L.
681 2004 823 2071 Acilium
847 2007 932 2091 apud
956 2011 1066 2091 patres
1093 2032 1152 2076 no·
1167 2029 1190 2070 ro

42 2163 51 2182 ,
144 2102 229 2163 stros
249 2097 449 2181 appellatum
469 2116 538 2159 esse
553 2095 742 2179 sapientem,
761 2094 815 2159 sed
834 2098 969 2179 uterque
988 2095 1053 2160 alio
1073 2119 1153 2181 quo-

143 2186 217 2250 dam
240 2186 350 2268 modo,
378 2182 517 2267 Acilius,
543 2183 619 2267 quia
641 2183 781 2266 prudens
809 2203 878 2247 esse
901 2182 936 2246 in
964 2183 1033 2248 iure
1061 2183 1153 2251 civili

142 2272 329 2358 putabatur,
353 2270 444 2355 Cato,
463 2270 538 2355 quia
556 2272 732 2335 multarum
751 2293 859 2335 rerum
877 2292 972 2336 usum
989 2271 1149 2359 habebat3

142 2362 247 2424 multa
270 2360 338 2424 eius
362 2359 451 2423 etin
473 2361 587 2422 senatu
617 2361 650 2421 et
676 2358 711 2421 in
736 2356 808 2422 foro
836 2358 888 2422 vel
916 2359 1048 2443 provisa
1075 2384 1151 2445 pru-

143 2449 255 2513 denter
286 2448 338 2512 vel
367 2450 440 2511 acta
466 2448 653 2511 constanter
680 2444 732 2510 vel
760 2467 916 2531 responsa
943 2451 1036 2512 acute
1067 2447 1150 2514 fere·
1165 2467 1190 2508 ae

143 2537 275 2620 bantur3
311 2538 485 2619 propterea
517 2534 609 2618 quasi
641 2553 820 2618 cognomen
851 2534 918 2598 iam
945 2535 1089 2600 habebat
1115 2537 1153 2602 in

91 2633 130 2702 (⁷)
145 2628 309 2690 senectute
328 2622 493 2707 sapientis.
525 2620 571 2685 Te
594 2624 702 2685 autem
726 2621 791 2686 alio
811 2621 950 2705 quodam
968 2623 1064 2688 modo
1082 2645 1153 2690 non

144 2713 248 2778 solum
271 2714 389 2776 natura
412 2714 445 2775 et
468 2709 622 2794 moribus,
644 2731 756 2773 verum
780 2709 879 2774 etiam
900 2710 1007 2775 studio
1026 2715 1060 2776 et
1078 2711 1152 2778 doc-

142 2801 229 2865 trina
252 2821 322 2864 esse
346 2800 533 2883 sapientem,
555 2818 614 2861 nec
637 2797 721 2861 siout
743 2797 870 2882 vulgus,
894 2798 949 2863 sed
971 2802 1009 2863 ut
1032 2800 1152 2865 eruditi

144 2889 250 2954 solent
274 2888 439 2973 appellare
463 2885 650 2970 sapientem,
674 2885 803 2968 qualem
821 2885 856 2949 in
873 2886 999 2970 reliqua
1013 2885 1153 2954 Graecia
1167 2905 1192 2946 ω

108 2977 304 3043 ἰηθιηίηειη
328 2973 417 3061 (nam
446 2974 500 3058 qui
524 2977 648 3058 septem
671 2974 891 3058 appellantur,
911 2995 978 3059 eos,
1006 2975 1062 3059 qui
1083 2976 1153 3042 ista

144 3065 297 3130 subtilius
320 3067 488 3149 quaeruut,
510 3062 545 3126 in
562 3082 695 3127 numero
715 3062 909 3145 sapientium
923 3084 990 3127 non
1002 3063 1152 3149 habent),

143 3153 283 3218 Athenis
305 3175 405 3218 unum
429 3150 617 3236 accepimus,
640 3153 673 3214 et
694 3171 767 3214 eum
787 3150 914 3233 quidem
934 3151 1031 3216 etiam
1046 3151 1153 3237 Apol-

143 3241 219 3306 linis
243 3242 372 3307 oraoulo
397 3239 670 3325 sapientissimum
693 3237 883 3322 iudicatum3
911 3238 995 3303 hano
1018 3261 1088 3304 esse
1117 3243 1154 3308 in

143 3334 177 3394 te
201 3330 394 3414 sapientiam
417 3328 627 3409 existumant,
656 3329 694 3391 ut
717 3326 826 3391 omnia.
849 3329 906 3390 tua
928 3327 962 3390 in
983 3330 1018 3391 te
1040 3330 1154 3412 posita
1167 3347 1190 3389 a

145 3440 214 3482 esse
240 3419 337 3482 ducas
360 3418 581 3498 humanosque
604 3435 697 3478 casus
720 3414 841 3479 virtute
860 3414 1028 3479 inferiores
1046 3421 1153 3499 putes.

143 3505 258 3591 Itaque
282 3528 321 3571 ex
343 3527 394 3569 me
419 3506 590 3588 quaerunt,
620 3502 714 3567 oredo
738 3524 776 3567 ex
799 3502 860 3568 hoe
882 3503 962 3567 item
986 3501 1155 3586 Scaevola,
