2430 3990
470 163 491 225 1,
511 152 544 212 ΙΙ.
562 163 586 223 s
606 164 717 213 ro-ro.
1037 158 1101 222 201

92 339 167 383 rum
191 318 336 401 alicuius,
360 318 415 402 qui
439 319 627 382 marmoreis
651 317 752 383 tectis·
770 317 866 381 ebore
890 321 922 381 et
945 339 1023 382 auro
1042 317 1103 383 ful-

94 405 263 492 gentibus,
286 405 342 488 qui
365 405 481 490 signis,
504 406 559 488 qui
583 405 717 489 tabulis,
742 405 797 488 qui
820 405 943 470 caelato
968 426 1046 470 auro
1071 408 1104 469 et

94 497 241 580 argento,
266 494 320 577 qui
344 491 522 557 Corinthiis
547 493 698 577 operibus
721 492 899 575 abundant,
923 514 965 557 an
987 490 1022 557 C.
1044 492 1103 557 Fa-

94 581 191 665 brici,
224 581 279 665 qui
306 580 388 644 nihil
416 581 532 646 hahuit
565 603 689 664 eorum,
727 580 809 644 nihil
841 580 960 645 habere
989 581 1103 663 voluit,

10 696 16 732 ε
66 668 220 733 ssimiles
243 668 368 733 malint.
410 667 519 752 Atque
542 668 621 733 haec
645 668 782 751 quidem,
809 667 1008 751 quasimodo
1032 668 1104 752 huc,
1126 684 1155 733 rs

95 756 193 821 modo
220 756 299 821 illuc
325 756 579 841 transferuntur,
608 756 704 821 facile
732 756 844 821 adduci
873 757 978 820 solent
1004 759 1042 820 ut
1070 756 1103 819 in
1190 827 1192 832 ,

94 844 191 909 bonis
213 844 310 909 rebus
334 865 403 909 esse
422 849 550 930 negent,
573 843 654 908 illud
674 847 743 908 arte
762 848 874 908 tenent
893 846 1104 927 accurateque

96 931 284 1010 defendunt,
321 933 524 1016 voluptatem
556 953 626 996 esse
658 953 818 995 summum
849 931 985 1014 bonurn,
1022 953 1104 1015 quae

96 1019 226 1104 quidem
245 1019 326 1083 mihi
344 1042 407 1085 vox
424 1020 582 1105 pecudum
600 1019 728 1084 videtur
746 1040 825 1100 esse,
843 1041 908 1083 non
926 1019 1104 1083 hominum.

10 1137 19 1172 i
57 1126 83 1166 ro
96 1106 155 1190 Tu,
174 1120 246 1172 c'um
265 1107 327 1171 tibi
346 1106 413 1172 sive
433 1108 510 1172 deus
525 1109 593 1172 sive
612 1111 725 1191 mater,
743 1112 780 1171 ut
798 1107 845 1171 ita
864 1107 978 1188 dicam,
996 1129 1104 1171 rerum

97 1195 242 1260 omnium
265 1199 384 1259 natura
407 1194 531 1259 dederit
554 1195 711 1280 animum,
741 1215 804 1279 quo
831 1194 913 1258 nihil
941 1198 992 1258 est
1015 1217 1104 1278 prae

98 1283 239 1347 stantius
262 1303 365 1366 neque
389 1281 536 1366 divinius,
559 1283 605 1348 sic
629 1288 661 1347 te
684 1284 753 1368 ipse
776 1283 894 1353 abicies
916 1286 1014 1366 atque
1033 1304 1104 1367 pro·

98 1374 233 1454 sternes,
255 1373 292 1433 ut
315 1369 396 1433 nihil
420 1370 505 1435 inter
528 1374 560 1436 te
582 1376 678 1455 atque
697 1372 782 1434 inter
801 1370 1030 1454 quadripedem
1049 1370 1104 1434 ali-

99 1480 197 1542 quam
222 1461 317 1542 putes
344 1458 523 1524 interesse?
569 1457 747 1543 Quicquam
774 1459 894 1523 bonum
923 1463 990 1541 est,
1020 1458 1105 1541 quod

12 1574 23 1611 ε
61 1563 84 1604 1⁶
99 1567 167 1611 non
189 1567 275 1630 eum,
298 1546 353 1630 qui
376 1546 410 1611 id
433 1547 590 1632 possidet,
613 1545 779 1624 meliorem
802 1545 904 1611 facit?
951 1545 997 1611 Ut
1020 1546 1105 1609 enim
1125 1566 1158 1611 rs

99 1638 150 1699 est
182 1633 316 1718 quisque
348 1635 487 1699 maxime
519 1634 594 1698 boni
626 1635 808 1717 particeps,
831 1634 879 1698 ita
914 1637 965 1698 est
997 1633 1105 1697 lauda-

97 1721 176 1786 bilis
204 1721 355 1806 maxime,
384 1744 487 1805 neque
515 1724 565 1785 est
592 1722 694 1785 ullum
722 1723 855 1805 bonum,
884 1722 922 1786 de
951 1742 1014 1805 quo
1041 1743 1105 1785 non

99 1810 137 1892 is,
161 1808 216 1892 qui
234 1809 267 1872 id
285 1809 414 1892 habeat,
437 1810 572 1875 honeste
590 1809 696 1892 possit
715 1810 859 1894 gloriari.
895 1807 979 1884 Quid
997 1813 1104 1874 autern

100 1899 151 1961 est
169 1896 285 1961 horum
303 1898 338 1961 in
355 1898 546 1982 voluptate?
569 1898 776 1962 melioremne
796 1897 895 1962 efficit
919 1901 975 1960 aut
998 1897 1105 1960 lauda·

15 2013 28 2050 r
64 1984 250 2049 abiliorem
272 1985 400 2049 vinum?
428 2007 474 2065 an¹
498 1986 668 2068 quisquam
691 1985 724 2049 in
747 1985 909 2068 potiendis
932 1984 1105 2068 voluptati·
1191 2006 1194 2013 ¹

99 2074 161 2137 bus
190 2071 358 2157 gloriando
388 2093 421 2135 se
449 2075 482 2135 et
511 2071 748 2154 praedicatione
781 2071 902 2137 ecfert?
947 2070 1051 2154 Atqui
1079 2072 1105 2134 si

101 2161 267 2244 voluptas,
295 2180 376 2241 quae
403 2158 616 2242 plurimorum
639 2159 828 2242 patrociniis
852 2158 1046 2242 defenditur,
1073 2159 1107 2222 in
1180 2157 1185 2165 ’

101 2249 197 2313 rebus
220 2246 314 2311 bonis
337 2245 485 2310 habenda
507 2250 653 2329 nonest,
676 2267 775 2329 eaque
795 2268 858 2330 quo
874 2250 924 2311 est
937 2246 1050 2329 maior,
1070 2268 1107 2310 eo

66 2334 377 2487 itltttllt
395 2333 1108 2487 tussitatlttt‘lllhltltt

10 2566 11 2570 ,
101 2514 189 2575 recte
212 2509 328 2575 vivere.
1148 2530 1151 2536 ·

121 2769 124 2775 ,
406 2702 725 2768 PARADOXON
748 2703 790 2768 II.

10 2841 11 2847 ¹
184 2804 254 2874 'On
277 2802 442 2892 αὐτάρκης
464 2803 485 2892 ἡ
510 2803 609 2892 ἀρετὴ
634 2804 717 2891 πρὸς
740 2804 967 2890 εὐδαιμονίαν.

169 2949 238 3016 Neo
264 2972 340 3016 vero
362 2962 425 3035 'ego
448 2949 489 3014 M.
513 2950 674 3035 Regulum
703 2969 928 3013 aerumnosum
951 2952 1009 3011 neo
1032 2946 1109 3011 infe·
1132 2965 1161 3014 rs

66 3051 90 3095 ⁸⁰
102 3038 199 3104 licem
216 3060 275 3103 neo
293 3038 446 3103 miserum
464 3060 617 3121 umquam
635 3037 757 3122 putavi.
789 3034 864 3100 Non
883 3035 967 3100 enim
988 3035 1110 3119 magni·

102 3126 182 3192 tudo
210 3126 310 3191 animi
338 3126 540 3191 cruciabatur
568 3126 635 3190 eius
664 3126 686 3189 a'
705 3124 835 3207 Poenis,
862 3145 928 3188 non
955 3122 1110 3208 gravitas

101 3236 169 3279 non
191 3214 284 3296 fides,
306 3236 373 3279 non
396 3214 592 3297 constantia,
614 3235 679 3277 non
702 3214 771 3277 ulla
793 3212 913 3293 virtuS,
936 3232 1002 3275 non
1025 3210 1110 3274 deni-

14 3321 30 3361 s
102 3323 165 3388 que
190 3302 316 3366 animus
337 3301 417 3386 ipse,
440 3302 495 3386 qui
518 3305 569 3367 tot
590 3301 748 3366 virtutum
771 3300 931 3385 praesidio
954 3302 1110 3382 tantoque

102 3389 274 3468 comitatu,
302 3411 375 3455 cum
398 3411 513 3474 corpus
538 3389 605 3453 eius
630 3392 813 3472 caperetur,
837 3388 908 3473 capi
931 3390 1017 3452 certe
1040 3386 1110 3471 ipso

60 3495 86 3537 α
99 3500 169 3544 non
186 3477 302 3562 potuit.
340 3476 373 3543 (l.
392 3499 468 3543 vero
487 3477 626 3542 Marium
646 3477 796 3559 vidimus,
820 3476 876 3560 qui
898 3475 979 3539 mihi
1002 3495 1111 3539 secun·
