2430 3990
1183 40 1190 105 l

155 170 219 234 204
560 169 758 224 PARADOXA

154 330 285 395 Etenim
314 330 343 394 si
369 331 451 394 bene
477 331 566 395 facta
530 333 679 395 treote
701 293 789 393 facta
754 331 944 393 ttsunte
929 327 1049 392 tnihil
1072 284 1196 395 rectcl

155 418 287 501 rectius,
319 421 405 482 certe
433 440 473 482 ne
500 419 586 482 bono
617 418 745 568 quidem
773 416 888 481 melius
917 416 1091 517 quicquam
1118 415 1197 511 in·

156 506 259 571 veniri
291 527 332 589 po
335 509 409 569 t.est
455 503 607 589 Sequitur
638 505 767 606 igitur,
784 508 821 568 ut
853 505 951 568 ctiam
983 503 1065 569 ιιιιι
1098 474 1198 568 sint·

155 594 261 677 paria,
285 592 442 692 siquidem
466 593 645 676 pravitates
669 592 770 656 animi
791 596 878 657 recte
901 591 982 657 ιιιιι
1005 591 1161 656 dicuntur

156 681 267 763 Atqui,
288 680 442 763 quoniam
455 702 549 764 pares
564 680 701 744 virtutes
721 684 806 763 sunt,
824 683 910 744 recte
924 679 990 744 laet
992 701 1029 780 a,
1035 679 1160 762 quando
1182 690 1201 751 ei

156 791 175 832 ι
197 768 301 831 virtut
287 767 375 831 tibus
393 767 649 852 proficiscuntur,
671 767 763 851 paria
781 788 851 831 esse
870 766 1047 850 debent,it
1020 769 1161 851 itemque
1198 776 1202 847 ξ

156 859 302 939 peccata,
330 856 482 938 quoniam
507 877 544 918 ex
567 855 657 920 vitiis
681 860 828 938 manant,
851 855 917 918 sint
940 854 1090 969 aequalia
1111 875 1162 918 ne

92 923 137 1048 ,ξ
156 964 245 1007 cesse
269 948 327 1007 est.
374 942 416 1006 A
439 941 655 1027 philosophis'
656 993 665 1025 ,
687 943 806 1026 inquit,
834 941 909 1006 ιιιι
931 941 1053 1007 sumis'
1099 941 1162 1007 Me
1200 948 1206 997 ἱ

156 1031 296 1114 tuebam,
319 1052 359 1095 ne
379 1030 411 1096 a
430 1030 612 1096 lenonibus’
632 1030 761 1095 diceres.
794 1027 955 1095 Socrates
974 1030 1162 1115 disputabat
1204 1050 1207 1095 :

156 1119 220 1182 ιιιο
245 1118 361 1203 modo'
398 1119 485 1182 Bene
509 1118 638 1183 hercule
660 1139 787 1200 narras,
810 1139 886 1182 nam
909 1118 1009 1182 istum
1032 1118 1162 1183 doctum
1175 1136 1198 1174 ιι

157 1211 189 1269 et
208 1207 387 1291 sapientem
406 1206 512 1270 virum
529 1206 629 1270 fuisse
648 1205 821 1270 memoriae
839 1205 997 1270 traditum
1011 1208 1069 1270 est.
1101 1203 1162 1271 Sed

156 1298 266 1358 tamen
294 1315 413 1377 quaero
442 1316 480 1358 ex
507 1298 553 1376 te,
582 1293 733 1376 quoniam
761 1294 868 1358 verbis
895 1294 980 1358 inter
1007 1314 1067 1360 nos
1091 1315 1163 1359 con·

155 1381 331 1464 tendimus,
357 1402 423 1444 non
450 1382 582 1466 pugnis:
611 1385 721 1446 utrum
744 1381 839 1444 nobis
862 1385 913 1445 est
936 1381 1164 1464 quaerendum,

155 1469 231 1552 quid
255 1468 356 1533 baioli
379 1472 477 1551 atque
500 1469 639 1553 operarii
662 1491 703 1533 an
723 1469 799 1552 quid
817 1469 964 1533 homines
983 1467 1163 1534 doctissimi

155 1557 336 1621 senserint?
368 1557 561 1641 praesertim
593 1579 666 1621 cum
696 1557 758 1621 hac
785 1557 946 1621 sententia
972 1578 1038 1620 non
1065 1557 1162 1622 modo
1177 1573 1198 1613 ιι

154 1644 275 1728 ιιιιοι,
299 1644 355 1709 sed
377 1665 417 1709 ne
439 1645 552 1709 utilior
576 1645 704 1728 quidem
726 1643 894 1708 hominum
917 1644 1003 1708 vitae
1025 1645 1162 1730 reperiri

155 1732 223 1795 ulla
250 1732 363 1816 possit.
409 1730 498 1807 Quae
525 1733 574 1797 vis
603 1736 653 1796 est
680 1732 778 1814 enim,
809 1753 890 1815 quae
919 1731 1023 1818 magis
1052 1737 1162 1798 arceat

44 1821 47 1825 ’
154 1819 301 1883 homines
326 1820 366 1883 ab
390 1819 600 1904 improbitate
624 1821 720 1903 omni,
744 1841 841 1903 quam
864 1820 893 1882 si
914 1821 1075 1884 senserint
1092 1822 1162 1885 nul·

155 1908 224 1971 lum
250 1907 284 1970 in
312 1907 437 1970 delictis
462 1929 531 1971 esse
555 1907 747 1971 discrimen?
778 1928 877 1990 aeque
901 1928 1033 1991 peccare
1057 1929 1107 1992 se,
1135 1908 1161 1972 si

154 1994 291 2079 privatis
306 2017 343 2059 ac
360 1995 387 2058 si
402 1995 650 2080 magistratibus
664 2016 778 2058 manus
794 1995 963 2060 adferant?
978 2017 1161 2079 quamcum-
1175 2012 1198 2050 2⁰

156 2104 217 2165 que
239 2083 274 2146 in
293 2083 423 2147 domum
443 2088 591 2166 stuprum
609 2083 788 2166 intulerint,
812 2083 944 2147 eandem
964 2104 1034 2147 esse
1052 2083 1162 2149 labem

103 2187 136 2234 ιι
155 2169 332 2234 lubidinis?
361 2169 527 2254 *Nihilne
554 2171 656 2256 igitur
683 2170 834 2235 interest'
867 2167 958 2256 (nam
985 2170 1047 2236 hoc
1077 2171 1162 2236 dicet

155 2255 298 2343 aliquis),
321 2257 458 2342 ‘patrem
478 2259 549 2342 quis
567 2263 661 2322 necet
679 2281 761 2322 anne
781 2257 944 2323 servum?'
980 2256 1076 2323 Nuda
1097 2259 1162 2324 ista

156 2345 184 2408 si
215 2366 334 2428 ponas,
365 2345 515 2428 iudicari,
547 2347 657 2429 qualia
689 2346 770 2429 sint,
801 2367 866 2409 non
889 2346 993 2411 ·facile
1024 2347 1161 2431 possint.

155 2431 287 2504 Patrem
309 2431 377 2496 vita
399 2433 528 2516 privare
557 2433 584 2497 si
611 2456 669 2517 per
696 2455 730 2498 se
758 2434 861 2498 scelus
889 2437 951 2518 est,
979 2431 1197 2520 Saguntinise

156 2520 212 2603 qui
238 2523 388 2603 parentes
417 2540 492 2585 suos
521 2520 642 2586 liberos
670 2521 771 2585 emori
799 2544 895 2605 quam
919 2543 1029 2587 servos
1052 2522 1161 2588 vivere

156 2607 352 2690 maluerunt,
379 2608 557 2692 parricidae
584 2608 723 2673 fuenmt.
768 2609 858 2694 Ergo
887 2613 920 2675 et
944 2606 1161 2694 parentinen

155 2717 337 2796 numquam
351 2695 514 2759 adimit
466 2700 514 2760 ιιι
516 2719 535 2760 a
554 2696 622 2761 sine
641 2697 760 2761 scelere
778 2700 888 2780 potest
905 2702 938 2761 et
955 2718 1049 2762 servo
1064 2719 1161 2782 saepe

156 2783 224 2847 sine
243 2782 361 2847 iniuria
378 2804 444 2848 non
461 2787 579 2885 potest.
616 2782 800 2870 Causa't1git
801 2807 840 2849 ur
857 2785 946 2868 haec,
963 2806 1029 2850 non
1042 2789 1161 2850 natura

155 2871 220 2934 dist
206 2869 343 3022 tinguitq
366 2892 448 2954 quae
471 2872 623 2954 quoniam
646 2876 719 2936 utro
744 2871 887 2956 accessit,
910 2872 943 2936 id
964 2873 1003 2936 fit
1024 2895 1160 2958 propen·
1172 2887 1196 2928 ιθ

155 2959 231 3042 sius,
255 2958 283 3021 si
306 2962 443 3042 utroque
467 2960 690 3025 adiunctta
640 2965 690 3024 est
694 3011 702 3044 ,
730 2960 823 3044 paria
844 2922 926 3024 fiant
948 2981 1079 3024 neccsse
1102 2964 1160 3025 est.

102 3063 134 3109 ιι
154 3047 241 3110 lllud
260 3045 370 3111 tamen
392 3047 537 3131 interest,
561 3048 677 3149 quod'
668 3070 703 3112 ιιι
726 3069 821 3148 servo
840 3047 993 3132 necando,
1016 3047 1044 3112 si
1066 3047 1101 3112 id
1123 3049 1160 3112 fit

153 3135 280 3217 iniuria,
304 3135 403 3199 semel
426 3139 538 3218 peccat
539 3158 586 3220 ur,
608 3136 643 3225 in
665 3135 767 3218 patris
790 3134 860 3200 ιιιι
881 3098 1034 3201 violarida
1056 3136 1161 3201 multa

151 3226 286 3323 peccant
287 3245 339 3307 ur3
370 3223 576 3306 violatoris,
604 3219 660 3324 qui
686 3223 884 3307 procreavit,
911 3223 957 3308 is,
985 3223 1039 3309 qui
1069 3224 1161 3305 aluit,

152 3309 194 3392 is,
218 3310 273 3393 qui
297 3310 480 3375 erudivit
439 3331 512 3395 ,1s,
536 3311 591 3394 qui
613 3311 648 3374 in
671 3311 745 3374 sede
768 3332 805 3376 ac
829 3311 924 3375 domo
948 3311 1104 3393 atquem
1126 3333 1160 3376 rc
1173 3324 1198 3365 ³⁵

152 3397 292 3482 publica
314 3398 508 3482 conlocavit;
539 3399 746 3473 multitudine
802 3403 984 3464 occatorum
1013 3403 1160 3481 praestat

114 3534 117 3539 ·
152 3507 253 3570 eoque
276 3508 381 3571 poene
397 3485 519 3550 maiore
539 3486 655 3572 dignus
675 3489 733 3550 est.
770 3422 832 3551 ded
854 3507 914 3552 nos
936 3487 972 3550 in
994 3486 1071 3570 vita,
1094 3508 1160 3553 non
