<?xml version="1.0" encoding="UTF-8"?>
<!DOCTYPE html PUBLIC "-//W3C//DTD XHTML 1.0 Transitional//EN"
    "http://www.w3.org/TR/xhtml1/DTD/xhtml1-transitional.dtd">
<html xmlns="http://www.w3.org/1999/xhtml" xml:lang="en" lang="en">
 <head>
  <title>
</title>
<meta http-equiv="Content-Type" content="text/html;charset=utf-8" />
  <meta name='ocr-system' content='tesseract 3.04.00' />
  <meta name='ocr-capabilities' content='ocr_page ocr_carea ocr_par ocr_line ocrx_word'/>
</head>
<body>
  <div class='ocr_page' id='page_1' title='image "./mtulliiciceroni42cicegoog/mtulliiciceroni42cicegoog_0084.png"; bbox 0 0 2430 3990; ppageno 0'>
   <div class='ocr_carea' id='block_1_1' title="bbox 390 131 1166 208">
    <p class='ocr_par' dir='ltr' id='par_1_1' title="bbox 390 131 1166 208">
     <span class='ocr_line' id='line_1_1' title="bbox 390 131 1166 208; baseline 0.01 -10"><span class='ocrx_word' id='word_1_1' title='bbox 390 142 423 198; x_wconf 83' lang='lat' dir='ltr'>V.</span> <span class='ocrx_word' id='word_1_2' title='bbox 453 142 528 196; x_wconf 78' lang='lat' dir='ltr'>CAP.</span> <span class='ocrx_word' id='word_1_3' title='bbox 550 148 626 196; x_wconf 89' lang='lat' dir='ltr'>1-e.</span> <span class='ocrx_word' id='word_1_4' title='bbox 656 147 803 208; x_wconf 74' lang='lat' dir='ltr'>sar-40.</span> <span class='ocrx_word' id='word_1_5' title='bbox 1036 142 1101 204; x_wconf 80' lang='lat'>209</span> <span class='ocrx_word' id='word_1_6' title='bbox 1164 131 1166 135; x_wconf 70' lang='grc'><strong>’</strong></span> 
     </span>
    </p>
   </div>
   <div class='ocr_carea' id='block_1_2' title="bbox 42 302 1191 3622">
    <p class='ocr_par' dir='ltr' id='par_1_2' title="bbox 88 302 1102 655">
     <span class='ocr_line' id='line_1_2' title="bbox 88 302 1102 390; baseline -0.004 -20"><span class='ocrx_word' id='word_1_7' title='bbox 88 305 168 390; x_wconf 86' lang='lat' dir='ltr'>ista,</span> <span class='ocrx_word' id='word_1_8' title='bbox 187 304 243 389; x_wconf 90' lang='lat' dir='ltr'>qui</span> <span class='ocrx_word' id='word_1_9' title='bbox 256 306 396 389; x_wconf 79' lang='lat' dir='ltr'>tergent,</span> <span class='ocrx_word' id='word_1_10' title='bbox 415 303 470 386; x_wconf 92' lang='lat' dir='ltr'>qui</span> <span class='ocrx_word' id='word_1_11' title='bbox 484 306 620 388; x_wconf 87' lang='lat' dir='ltr'>ungunt,</span> <span class='ocrx_word' id='word_1_12' title='bbox 639 302 695 386; x_wconf 92' lang='lat' dir='ltr'>qui</span> <span class='ocrx_word' id='word_1_13' title='bbox 709 306 850 386; x_wconf 84' lang='lat' dir='ltr'>verrunt,</span> <span class='ocrx_word' id='word_1_14' title='bbox 865 302 920 386; x_wconf 88' lang='lat' dir='ltr'>qui</span> <span class='ocrx_word' id='word_1_15' title='bbox 935 306 1102 387; x_wconf 87' lang='lat' dir='ltr'>spargunt,</span> 
     </span>
     <span class='ocr_line' id='line_1_3' title="bbox 89 390 1102 474; baseline -0.006 -15"><span class='ocrx_word' id='word_1_16' title='bbox 89 416 159 459; x_wconf 91' lang='lat' dir='ltr'>non</span> <span class='ocrx_word' id='word_1_17' title='bbox 176 391 443 459; x_wconf 88' lang='lat' dir='ltr'>honestissimum</span> <span class='ocrx_word' id='word_1_18' title='bbox 461 392 570 456; x_wconf 88' lang='lat' dir='ltr'>locum</span> <span class='ocrx_word' id='word_1_19' title='bbox 588 390 754 455; x_wconf 84' lang='lat' dir='ltr'>servitutis</span> <span class='ocrx_word' id='word_1_20' title='bbox 773 395 893 474; x_wconf 88' lang='lat' dir='ltr'>tenent,</span> <span class='ocrx_word' id='word_1_21' title='bbox 913 391 958 455; x_wconf 92' lang='lat' dir='ltr'>sic</span> <span class='ocrx_word' id='word_1_22' title='bbox 975 390 1010 454; x_wconf 92' lang='lat' dir='ltr'>in</span> <span class='ocrx_word' id='word_1_23' title='bbox 1027 390 1102 456; x_wconf 89' lang='lat' dir='ltr'>civi-</span> 
     </span>
     <span class='ocr_line' id='line_1_4' title="bbox 90 477 1102 565; baseline -0.005 -19"><span class='ocrx_word' id='word_1_24' title='bbox 90 485 177 565; x_wconf 89' lang='lat' dir='ltr'>tate,</span> <span class='ocrx_word' id='word_1_25' title='bbox 204 480 261 565; x_wconf 90' lang='lat' dir='ltr'>qui</span> <span class='ocrx_word' id='word_1_26' title='bbox 287 500 322 544; x_wconf 91' lang='lat' dir='ltr'>se</span> <span class='ocrx_word' id='word_1_27' title='bbox 348 479 486 543; x_wconf 89' lang='lat' dir='ltr'>istarum</span> <span class='ocrx_word' id='word_1_28' title='bbox 513 501 621 543; x_wconf 88' lang='lat' dir='ltr'>rerum</span> <span class='ocrx_word' id='word_1_29' title='bbox 649 478 880 563; x_wconf 74' lang='lat' dir='ltr'>cupiditatibus</span> <span class='ocrx_word' id='word_1_30' title='bbox 905 477 1102 560; x_wconf 89' lang='lat' dir='ltr'>dediderunt,</span> 
     </span>
     <span class='ocr_line' id='line_1_5' title="bbox 90 565 1102 655; baseline -0.005 -21"><span class='ocrx_word' id='word_1_31' title='bbox 90 569 196 655; x_wconf 89' lang='lat' dir='ltr'>ipsius</span> <span class='ocrx_word' id='word_1_32' title='bbox 212 567 377 633; x_wconf 85' lang='lat' dir='ltr'>servitutis</span> <span class='ocrx_word' id='word_1_33' title='bbox 387 568 494 632; x_wconf 91' lang='lat' dir='ltr'>locum</span> <span class='ocrx_word' id='word_1_34' title='bbox 503 588 605 651; x_wconf 90' lang='lat' dir='ltr'>paene</span> <span class='ocrx_word' id='word_1_35' title='bbox 619 566 932 631; x_wconf 89' lang='lat' dir='ltr'>infimumobtinent.</span> <span class='ocrx_word' id='word_1_36' title='bbox 951 565 1102 650; x_wconf 69' lang='lat' dir='ltr'>‘Magna’,</span> 
     </span>
    </p>

    <p class='ocr_par' dir='ltr' id='par_1_3' title="bbox 62 654 1103 916">
     <span class='ocr_line' id='line_1_6' title="bbox 62 654 1100 741; baseline -0.002 -22"><span class='ocrx_word' id='word_1_37' title='bbox 62 677 78 719; x_wconf 80' lang='lat' dir='ltr'>s</span> <span class='ocrx_word' id='word_1_38' title='bbox 93 656 210 741; x_wconf 91' lang='lat' dir='ltr'>inquit,</span> <span class='ocrx_word' id='word_1_39' title='bbox 229 655 329 720; x_wconf 76' lang='lat' dir='ltr'>‘bella</span> <span class='ocrx_word' id='word_1_40' title='bbox 347 655 442 740; x_wconf 84' lang='lat' dir='ltr'>gessi,</span> <span class='ocrx_word' id='word_1_41' title='bbox 460 655 589 740; x_wconf 87' lang='lat' dir='ltr'>magnis</span> <span class='ocrx_word' id='word_1_42' title='bbox 607 654 752 739; x_wconf 89' lang='lat' dir='ltr'>imperiis</span> <span class='ocrx_word' id='word_1_43' title='bbox 771 659 804 719; x_wconf 90' lang='lat' dir='ltr'>et</span> <span class='ocrx_word' id='word_1_44' title='bbox 822 654 996 739; x_wconf 81' lang='lat' dir='ltr'>provinciis</span> <span class='ocrx_word' id='word_1_45' title='bbox 1012 676 1100 738; x_wconf 88' lang='lat' dir='ltr'>prae-</span> 
     </span>
     <span class='ocr_line' id='line_1_7' title="bbox 91 741 1103 828; baseline -0.004 -18"><span class='ocrx_word' id='word_1_46' title='bbox 91 744 162 810; x_wconf 74' lang='lat' dir='ltr'>fui?</span> <span class='ocrx_word' id='word_1_47' title='bbox 195 741 278 809; x_wconf 82' lang='lat' dir='ltr'>Gere</span> <span class='ocrx_word' id='word_1_48' title='bbox 301 743 403 828; x_wconf 87' lang='lat' dir='ltr'>igitur</span> <span class='ocrx_word' id='word_1_49' title='bbox 426 743 569 808; x_wconf 91' lang='lat' dir='ltr'>animum</span> <span class='ocrx_word' id='word_1_50' title='bbox 592 743 687 807; x_wconf 87' lang='lat' dir='ltr'>laude</span> <span class='ocrx_word' id='word_1_51' title='bbox 711 742 853 828; x_wconf 89' lang='lat' dir='ltr'>dignum.</span> <span class='ocrx_word' id='word_1_52' title='bbox 885 743 1034 808; x_wconf 87' lang='lat' dir='ltr'>A&#39;e&#39;tiom&#39;s</span> <span class='ocrx_word' id='word_1_53' title='bbox 1055 745 1103 806; x_wconf 88' lang='lat' dir='ltr'>ta·</span> 
     </span>
     <span class='ocr_line' id='line_1_8' title="bbox 91 830 1102 916; baseline -0.003 -19"><span class='ocrx_word' id='word_1_54' title='bbox 91 833 173 898; x_wconf 89' lang='lat' dir='ltr'>bula</span> <span class='ocrx_word' id='word_1_55' title='bbox 190 835 224 896; x_wconf 87' lang='lat' dir='ltr'>te</span> <span class='ocrx_word' id='word_1_56' title='bbox 241 831 408 915; x_wconf 90' lang='lat' dir='ltr'>stupidum</span> <span class='ocrx_word' id='word_1_57' title='bbox 422 831 544 896; x_wconf 78' lang='lat' dir='ltr'>detinet</span> <span class='ocrx_word' id='word_1_58' title='bbox 562 835 618 895; x_wconf 88' lang='lat' dir='ltr'>aut</span> <span class='ocrx_word' id='word_1_59' title='bbox 637 830 767 916; x_wconf 88' lang='lat' dir='ltr'>signum</span> <span class='ocrx_word' id='word_1_60' title='bbox 786 831 917 914; x_wconf 88' lang='lat' dir='ltr'>aliquod</span> <span class='ocrx_word' id='word_1_61' title='bbox 934 830 1102 915; x_wconf 87' lang='lat' dir='ltr'>Polycleti.</span> 
     </span>
    </p>

    <p class='ocr_par' dir='ltr' id='par_1_4' title="bbox 64 918 1103 1092">
     <span class='ocr_line' id='line_1_9' title="bbox 64 918 1103 1003; baseline -0.003 -18"><span class='ocrx_word' id='word_1_62' title='bbox 64 995 67 999; x_wconf 16' lang='lat'><strong>⁴</strong></span> <span class='ocrx_word' id='word_1_63' title='bbox 92 921 206 1003; x_wconf 86' lang='lat' dir='ltr'>Mitto,</span> <span class='ocrx_word' id='word_1_64' title='bbox 233 919 316 984; x_wconf 92' lang='lat' dir='ltr'>unde</span> <span class='ocrx_word' id='word_1_65' title='bbox 339 919 525 1002; x_wconf 83' lang='lat' dir='ltr'>sustuleris,</span> <span class='ocrx_word' id='word_1_66' title='bbox 552 940 616 1002; x_wconf 94' lang='lat' dir='ltr'>quo</span> <span class='ocrx_word' id='word_1_67' title='bbox 639 919 735 983; x_wconf 90' lang='lat' dir='ltr'>modo</span> <span class='ocrx_word' id='word_1_68' title='bbox 757 919 893 1002; x_wconf 71' lang='lat' dir='ltr'>habeas,</span> <span class='ocrx_word' id='word_1_69' title='bbox 923 918 1103 983; x_wconf 85' lang='lat' dir='ltr'>intuentem</span> 
     </span>
     <span class='ocr_line' id='line_1_10' title="bbox 92 1006 1103 1092; baseline -0.003 -19"><span class='ocrx_word' id='word_1_70' title='bbox 92 1013 138 1092; x_wconf 89' lang='lat' dir='ltr'>te,</span> <span class='ocrx_word' id='word_1_71' title='bbox 161 1007 384 1090; x_wconf 82' lang='lat' dir='ltr'>admirantem,</span> <span class='ocrx_word' id='word_1_72' title='bbox 405 1008 563 1071; x_wconf 86' lang='lat' dir='ltr'>clamores</span> <span class='ocrx_word' id='word_1_73' title='bbox 576 1007 749 1072; x_wconf 90' lang='lat' dir='ltr'>tollentem</span> <span class='ocrx_word' id='word_1_74' title='bbox 763 1029 836 1071; x_wconf 92' lang='lat' dir='ltr'>cum</span> <span class='ocrx_word' id='word_1_75' title='bbox 854 1006 956 1090; x_wconf 85' lang='lat' dir='ltr'>video,</span> <span class='ocrx_word' id='word_1_76' title='bbox 975 1028 1103 1071; x_wconf 87' lang='lat' dir='ltr'>servum</span> 
     </span>
    </p>

    <p class='ocr_par' dir='ltr' id='par_1_5' title="bbox 53 1093 1155 1530">
     <span class='ocr_line' id='line_1_11' title="bbox 53 1093 1155 1179; baseline 0.002 -24"><span class='ocrx_word' id='word_1_77' title='bbox 53 1116 81 1156; x_wconf 83' lang='lat' dir='ltr'>ro</span> <span class='ocrx_word' id='word_1_78' title='bbox 95 1118 167 1162; x_wconf 88' lang='lat' dir='ltr'>esse</span> <span class='ocrx_word' id='word_1_79' title='bbox 195 1095 391 1179; x_wconf 89' lang='lat' dir='ltr'>ineptiarum</span> <span class='ocrx_word' id='word_1_80' title='bbox 419 1095 563 1159; x_wconf 92' lang='lat' dir='ltr'>omnium</span> <span class='ocrx_word' id='word_1_81' title='bbox 590 1095 703 1159; x_wconf 78' lang='lat' dir='ltr'>bidico.</span> <span class='ocrx_word' id='word_1_82' title='bbox 749 1093 876 1160; x_wconf 71' lang='lat' dir='ltr'>‘Nonne</span> <span class='ocrx_word' id='word_1_83' title='bbox 902 1095 1004 1179; x_wconf 88' lang='lat' dir='ltr'>igitur</span> <span class='ocrx_word' id='word_1_84' title='bbox 1028 1100 1103 1158; x_wconf 91' lang='lat' dir='ltr'>sunt</span> <span class='ocrx_word' id='word_1_85' title='bbox 1121 1109 1155 1157; x_wconf 85' lang='lat'>38</span> 
     </span>
     <span class='ocr_line' id='line_1_12' title="bbox 93 1180 1103 1267; baseline -0.003 -18"><span class='ocrx_word' id='word_1_86' title='bbox 93 1184 155 1249; x_wconf 89' lang='lat' dir='ltr'>illa</span> <span class='ocrx_word' id='word_1_87' title='bbox 176 1182 328 1248; x_wconf 59' lang='lat' dir='ltr'>festiva?</span> <span class='ocrx_word' id='word_1_88' title='bbox 374 1180 457 1246; x_wconf 82' lang='lat' dir='ltr'>Sunt</span> <span class='ocrx_word' id='word_1_89' title='bbox 480 1181 570 1267; x_wconf 88' lang='lat' dir='ltr'>(nam</span> <span class='ocrx_word' id='word_1_90' title='bbox 591 1205 651 1247; x_wconf 90' lang='lat' dir='ltr'>nos</span> <span class='ocrx_word' id='word_1_91' title='bbox 676 1203 802 1266; x_wconf 91' lang='lat' dir='ltr'>quoque</span> <span class='ocrx_word' id='word_1_92' title='bbox 826 1183 936 1248; x_wconf 92' lang='lat' dir='ltr'>oculos</span> <span class='ocrx_word' id='word_1_93' title='bbox 960 1183 1103 1247; x_wconf 90' lang='lat' dir='ltr'>eruditos</span> 
     </span>
     <span class='ocr_line' id='line_1_13' title="bbox 93 1269 1104 1355; baseline -0.001 -18"><span class='ocrx_word' id='word_1_94' title='bbox 93 1269 282 1355; x_wconf 85' lang='lat' dir='ltr'>habemus);</span> <span class='ocrx_word' id='word_1_95' title='bbox 305 1271 369 1354; x_wconf 88' lang='lat' dir='ltr'>sed,</span> <span class='ocrx_word' id='word_1_96' title='bbox 393 1271 526 1335; x_wconf 86' lang='lat' dir='ltr'>obsecro</span> <span class='ocrx_word' id='word_1_97' title='bbox 545 1276 587 1354; x_wconf 90' lang='lat' dir='ltr'>te,</span> <span class='ocrx_word' id='word_1_98' title='bbox 610 1271 658 1335; x_wconf 91' lang='lat' dir='ltr'>ita</span> <span class='ocrx_word' id='word_1_99' title='bbox 676 1275 813 1336; x_wconf 85' lang='lat' dir='ltr'>venusta</span> <span class='ocrx_word' id='word_1_100' title='bbox 830 1271 1012 1336; x_wconf 80' lang='lat' dir='ltr'>habeantur</span> <span class='ocrx_word' id='word_1_101' title='bbox 1029 1271 1104 1353; x_wconf 87' lang='lat' dir='ltr'>ista,</span> 
     </span>
     <span class='ocr_line' id='line_1_14' title="bbox 93 1358 1103 1443; baseline -0.002 -18"><span class='ocrx_word' id='word_1_102' title='bbox 93 1381 162 1425; x_wconf 89' lang='lat' dir='ltr'>non</span> <span class='ocrx_word' id='word_1_103' title='bbox 179 1363 217 1424; x_wconf 88' lang='lat' dir='ltr'>ut</span> <span class='ocrx_word' id='word_1_104' title='bbox 234 1358 342 1424; x_wconf 88' lang='lat' dir='ltr'>vinela</span> <span class='ocrx_word' id='word_1_105' title='bbox 355 1358 499 1423; x_wconf 87' lang='lat' dir='ltr'>virorum</span> <span class='ocrx_word' id='word_1_106' title='bbox 514 1358 589 1442; x_wconf 90' lang='lat' dir='ltr'>sint,</span> <span class='ocrx_word' id='word_1_107' title='bbox 608 1359 664 1423; x_wconf 89' lang='lat' dir='ltr'>sed</span> <span class='ocrx_word' id='word_1_108' title='bbox 681 1363 719 1423; x_wconf 88' lang='lat' dir='ltr'>ut</span> <span class='ocrx_word' id='word_1_109' title='bbox 738 1359 976 1424; x_wconf 88' lang='lat' dir='ltr'>oblectamenta</span> <span class='ocrx_word' id='word_1_110' title='bbox 990 1381 1103 1443; x_wconf 90' lang='lat' dir='ltr'>puero·</span> 
     </span>
     <span class='ocr_line' id='line_1_15' title="bbox 93 1445 1104 1530; baseline -0.002 -17"><span class='ocrx_word' id='word_1_111' title='bbox 93 1469 177 1513; x_wconf 89' lang='lat' dir='ltr'>rum.</span> <span class='ocrx_word' id='word_1_112' title='bbox 209 1445 293 1522; x_wconf 82' lang='lat' dir='ltr'>Quid</span> <span class='ocrx_word' id='word_1_113' title='bbox 311 1446 396 1511; x_wconf 89' lang='lat' dir='ltr'>enim</span> <span class='ocrx_word' id='word_1_114' title='bbox 414 1447 547 1512; x_wconf 80' lang='lat' dir='ltr'>censes?</span> <span class='ocrx_word' id='word_1_115' title='bbox 571 1446 599 1510; x_wconf 92' lang='lat' dir='ltr'>si</span> <span class='ocrx_word' id='word_1_116' title='bbox 616 1445 651 1510; x_wconf 85' lang='lat' dir='ltr'>L.</span> <span class='ocrx_word' id='word_1_117' title='bbox 668 1446 842 1511; x_wconf 91' lang='lat' dir='ltr'>Mummius</span> <span class='ocrx_word' id='word_1_118' title='bbox 862 1447 1004 1530; x_wconf 87' lang='lat' dir='ltr'>aliquem</span> <span class='ocrx_word' id='word_1_119' title='bbox 1026 1449 1104 1513; x_wconf 89' lang='lat' dir='ltr'>isto·</span> 
     </span>
    </p>

    <p class='ocr_par' dir='ltr' id='par_1_6' title="bbox 57 1532 1104 1971">
     <span class='ocr_line' id='line_1_16' title="bbox 57 1532 1103 1619; baseline 0.003 -23"><span class='ocrx_word' id='word_1_120' title='bbox 57 1555 84 1596; x_wconf 83' lang='lat' dir='ltr'>rs</span> <span class='ocrx_word' id='word_1_121' title='bbox 96 1558 171 1601; x_wconf 91' lang='lat' dir='ltr'>rum</span> <span class='ocrx_word' id='word_1_122' title='bbox 192 1535 316 1600; x_wconf 84' lang='lat' dir='ltr'>videret</span> <span class='ocrx_word' id='word_1_123' title='bbox 334 1534 555 1599; x_wconf 89' lang='lat' dir='ltr'>matellionem</span> <span class='ocrx_word' id='word_1_124' title='bbox 574 1532 778 1599; x_wconf 84' lang='lat' dir='ltr'>Corinthium</span> <span class='ocrx_word' id='word_1_125' title='bbox 798 1534 1003 1619; x_wconf 90' lang='lat' dir='ltr'>cupidissime</span> <span class='ocrx_word' id='word_1_126' title='bbox 1021 1540 1103 1599; x_wconf 89' lang='lat' dir='ltr'>trac·</span> 
     </span>
     <span class='ocr_line' id='line_1_17' title="bbox 95 1620 1103 1707; baseline -0.002 -19"><span class='ocrx_word' id='word_1_127' title='bbox 95 1626 232 1706; x_wconf 87' lang='lat' dir='ltr'>tantem,</span> <span class='ocrx_word' id='word_1_128' title='bbox 245 1645 318 1687; x_wconf 89' lang='lat' dir='ltr'>eum</span> <span class='ocrx_word' id='word_1_129' title='bbox 327 1622 397 1706; x_wconf 92' lang='lat' dir='ltr'>ipse</span> <span class='ocrx_word' id='word_1_130' title='bbox 406 1625 511 1686; x_wconf 90' lang='lat' dir='ltr'>totam</span> <span class='ocrx_word' id='word_1_131' title='bbox 521 1620 713 1687; x_wconf 83' lang='lat' dir='ltr'>Corinthum</span> <span class='ocrx_word' id='word_1_132' title='bbox 723 1623 980 1707; x_wconf 82' lang='lat' dir='ltr'>contempsisset,</span> <span class='ocrx_word' id='word_1_133' title='bbox 993 1626 1103 1687; x_wconf 90' lang='lat' dir='ltr'>utrum</span> 
     </span>
     <span class='ocr_line' id='line_1_18' title="bbox 94 1709 1104 1796; baseline 0 -20"><span class='ocrx_word' id='word_1_134' title='bbox 94 1711 192 1776; x_wconf 92' lang='lat' dir='ltr'>illum</span> <span class='ocrx_word' id='word_1_135' title='bbox 215 1711 317 1776; x_wconf 84' lang='lat' dir='ltr'>civem</span> <span class='ocrx_word' id='word_1_136' title='bbox 340 1709 550 1775; x_wconf 80' lang='lat' dir='ltr'>excellentem</span> <span class='ocrx_word' id='word_1_137' title='bbox 574 1732 616 1774; x_wconf 90' lang='lat' dir='ltr'>an</span> <span class='ocrx_word' id='word_1_138' title='bbox 639 1710 811 1775; x_wconf 86' lang='lat' dir='ltr'>atriensem</span> <span class='ocrx_word' id='word_1_139' title='bbox 836 1711 1025 1796; x_wconf 82' lang='lat' dir='ltr'>diligentem</span> <span class='ocrx_word' id='word_1_140' title='bbox 1047 1733 1104 1795; x_wconf 92' lang='lat' dir='ltr'>pu·</span> 
     </span>
     <span class='ocr_line' id='line_1_19' title="bbox 96 1795 1103 1882; baseline 0 -18"><span class='ocrx_word' id='word_1_141' title='bbox 96 1799 205 1864; x_wconf 81' lang='lat' dir='ltr'>taret?</span> <span class='ocrx_word' id='word_1_142' title='bbox 241 1797 433 1863; x_wconf 81' lang='lat' dir='ltr'>Revivesoat</span> <span class='ocrx_word' id='word_1_143' title='bbox 455 1797 507 1862; x_wconf 86' lang='grc' dir='ltr'>Μ’.</span> <span class='ocrx_word' id='word_1_144' title='bbox 524 1795 639 1863; x_wconf 80' lang='lat' dir='ltr'>Curius</span> <span class='ocrx_word' id='word_1_145' title='bbox 663 1802 720 1863; x_wconf 90' lang='lat' dir='ltr'>aut</span> <span class='ocrx_word' id='word_1_146' title='bbox 743 1820 853 1863; x_wconf 88' lang='lat' dir='ltr'>eorum</span> <span class='ocrx_word' id='word_1_147' title='bbox 877 1799 1004 1882; x_wconf 87' lang='lat' dir='ltr'>aliquis,</span> <span class='ocrx_word' id='word_1_148' title='bbox 1028 1821 1103 1881; x_wconf 92' lang='lat' dir='ltr'>quo-</span> 
     </span>
     <span class='ocr_line' id='line_1_20' title="bbox 95 1885 1103 1971; baseline -0.002 -19"><span class='ocrx_word' id='word_1_149' title='bbox 95 1909 170 1952; x_wconf 89' lang='lat' dir='ltr'>rum</span> <span class='ocrx_word' id='word_1_150' title='bbox 192 1885 324 1951; x_wconf 86' lang='lat' dir='ltr'>invilla</span> <span class='ocrx_word' id='word_1_151' title='bbox 345 1908 382 1951; x_wconf 88' lang='lat' dir='ltr'>ac</span> <span class='ocrx_word' id='word_1_152' title='bbox 401 1885 496 1950; x_wconf 92' lang='lat' dir='ltr'>domo</span> <span class='ocrx_word' id='word_1_153' title='bbox 514 1886 596 1949; x_wconf 92' lang='lat' dir='ltr'>nihil</span> <span class='ocrx_word' id='word_1_154' title='bbox 616 1886 828 1971; x_wconf 89' lang='lat' dir='ltr'>splendidum,</span> <span class='ocrx_word' id='word_1_155' title='bbox 850 1887 933 1951; x_wconf 93' lang='lat' dir='ltr'>nihil</span> <span class='ocrx_word' id='word_1_156' title='bbox 952 1892 1103 1951; x_wconf 91' lang='lat' dir='ltr'>ornatum</span> 
     </span>
    </p>

    <p class='ocr_par' dir='ltr' id='par_1_7' title="bbox 59 1972 1104 2410">
     <span class='ocr_line' id='line_1_21' title="bbox 59 1972 1104 2058; baseline 0.005 -25"><span class='ocrx_word' id='word_1_157' title='bbox 59 1974 161 2039; x_wconf 75' lang='lat' dir='ltr'>soluit</span> <span class='ocrx_word' id='word_1_158' title='bbox 183 1977 313 2058; x_wconf 88' lang='lat' dir='ltr'>praeter</span> <span class='ocrx_word' id='word_1_159' title='bbox 334 1972 437 2058; x_wconf 92' lang='lat' dir='ltr'>ipsos,</span> <span class='ocrx_word' id='word_1_160' title='bbox 465 1977 498 2037; x_wconf 88' lang='lat' dir='ltr'>et</span> <span class='ocrx_word' id='word_1_161' title='bbox 524 1974 634 2038; x_wconf 86' lang='lat' dir='ltr'>videat</span> <span class='ocrx_word' id='word_1_162' title='bbox 661 1974 801 2057; x_wconf 90' lang='lat' dir='ltr'>aliquem</span> <span class='ocrx_word' id='word_1_163' title='bbox 829 1974 963 2038; x_wconf 88' lang='lat' dir='ltr'>summis</span> <span class='ocrx_word' id='word_1_164' title='bbox 990 1976 1104 2058; x_wconf 91' lang='lat' dir='ltr'>populi</span> 
     </span>
     <span class='ocr_line' id='line_1_22' title="bbox 96 2061 1103 2146; baseline -0.002 -19"><span class='ocrx_word' id='word_1_165' title='bbox 96 2061 261 2127; x_wconf 90' lang='lat' dir='ltr'>beneficiis</span> <span class='ocrx_word' id='word_1_166' title='bbox 284 2082 379 2125; x_wconf 92' lang='lat' dir='ltr'>usum</span> <span class='ocrx_word' id='word_1_167' title='bbox 401 2061 592 2125; x_wconf 88' lang='lat' dir='ltr'>barbatulos</span> <span class='ocrx_word' id='word_1_168' title='bbox 616 2063 736 2125; x_wconf 90' lang='lat' dir='ltr'>mullos</span> <span class='ocrx_word' id='word_1_169' title='bbox 759 2066 983 2146; x_wconf 85' lang='lat' dir='ltr'>exceptantem</span> <span class='ocrx_word' id='word_1_170' title='bbox 1001 2062 1040 2125; x_wconf 91' lang='lat' dir='ltr'>de</span> <span class='ocrx_word' id='word_1_171' title='bbox 1058 2063 1103 2146; x_wconf 94' lang='lat' dir='ltr'>pi·</span> 
     </span>
     <span class='ocr_line' id='line_1_23' title="bbox 97 2149 1103 2234; baseline -0.003 -18"><span class='ocrx_word' id='word_1_172' title='bbox 97 2150 187 2216; x_wconf 86' lang='lat' dir='ltr'>scina</span> <span class='ocrx_word' id='word_1_173' title='bbox 214 2153 248 2213; x_wconf 87' lang='lat' dir='ltr'>et</span> <span class='ocrx_word' id='word_1_174' title='bbox 273 2152 528 2234; x_wconf 81' lang='lat' dir='ltr'>pertractantem</span> <span class='ocrx_word' id='word_1_175' title='bbox 555 2152 588 2212; x_wconf 89' lang='lat' dir='ltr'>et</span> <span class='ocrx_word' id='word_1_176' title='bbox 615 2171 820 2213; x_wconf 90' lang='lat' dir='ltr'>murenarum</span> <span class='ocrx_word' id='word_1_177' title='bbox 849 2151 942 2233; x_wconf 91' lang='lat' dir='ltr'>copia</span> <span class='ocrx_word' id='word_1_178' title='bbox 964 2149 1103 2233; x_wconf 91' lang='lat' dir='ltr'>glorian-</span> 
     </span>
     <span class='ocr_line' id='line_1_24' title="bbox 97 2236 1103 2322; baseline 0 -20"><span class='ocrx_word' id='word_1_179' title='bbox 97 2242 178 2322; x_wconf 86' lang='lat' dir='ltr'>tem,</span> <span class='ocrx_word' id='word_1_180' title='bbox 200 2257 307 2301; x_wconf 89' lang='lat' dir='ltr'>nonne</span> <span class='ocrx_word' id='word_1_181' title='bbox 329 2237 415 2301; x_wconf 90' lang='lat' dir='ltr'>huno</span> <span class='ocrx_word' id='word_1_182' title='bbox 436 2236 600 2301; x_wconf 88' lang='lat' dir='ltr'>hominem</span> <span class='ocrx_word' id='word_1_183' title='bbox 623 2237 671 2301; x_wconf 89' lang='lat' dir='ltr'>ita</span> <span class='ocrx_word' id='word_1_184' title='bbox 694 2257 822 2302; x_wconf 86' lang='lat' dir='ltr'>servum</span> <span class='ocrx_word' id='word_1_185' title='bbox 844 2237 976 2321; x_wconf 90' lang='lat' dir='ltr'>iudicet,</span> <span class='ocrx_word' id='word_1_186' title='bbox 1003 2241 1103 2302; x_wconf 88' lang='lat' dir='ltr'>utne</span> 
     </span>
     <span class='ocr_line' id='line_1_25' title="bbox 95 2324 1103 2410; baseline -0.002 -18"><span class='ocrx_word' id='word_1_187' title='bbox 95 2325 132 2392; x_wconf 89' lang='lat' dir='ltr'>in</span> <span class='ocrx_word' id='word_1_188' title='bbox 144 2324 272 2391; x_wconf 86' lang='lat' dir='ltr'>familia</span> <span class='ocrx_word' id='word_1_189' title='bbox 285 2324 414 2408; x_wconf 89' lang='lat' dir='ltr'>quidem</span> <span class='ocrx_word' id='word_1_190' title='bbox 428 2325 561 2410; x_wconf 87' lang='lat' dir='ltr'>dignum</span> <span class='ocrx_word' id='word_1_191' title='bbox 576 2325 697 2390; x_wconf 88' lang='lat' dir='ltr'>maiore</span> <span class='ocrx_word' id='word_1_192' title='bbox 712 2325 820 2408; x_wconf 92' lang='lat' dir='ltr'>aliquo</span> <span class='ocrx_word' id='word_1_193' title='bbox 837 2325 969 2410; x_wconf 90' lang='lat' dir='ltr'>negotio</span> <span class='ocrx_word' id='word_1_194' title='bbox 987 2325 1103 2409; x_wconf 83' lang='lat' dir='ltr'>putet?</span> 
     </span>
    </p>

    <p class='ocr_par' dir='ltr' id='par_1_8' title="bbox 61 2412 1191 2761">
     <span class='ocr_line' id='line_1_26' title="bbox 61 2412 1191 2499; baseline 0.008 -27"><span class='ocrx_word' id='word_1_195' title='bbox 61 2431 84 2472; x_wconf 79' lang='lat' dir='ltr'>a</span> <span class='ocrx_word' id='word_1_196' title='bbox 97 2414 152 2478; x_wconf 82' lang='lat' dir='ltr'>An</span> <span class='ocrx_word' id='word_1_197' title='bbox 179 2435 291 2478; x_wconf 89' lang='lat' dir='ltr'>eorum</span> <span class='ocrx_word' id='word_1_198' title='bbox 317 2412 456 2478; x_wconf 82' lang='lat' dir='ltr'>servitus</span> <span class='ocrx_word' id='word_1_199' title='bbox 484 2412 582 2477; x_wconf 91' lang='lat' dir='ltr'>dubia</span> <span class='ocrx_word' id='word_1_200' title='bbox 609 2417 672 2498; x_wconf 89' lang='lat' dir='ltr'>est,</span> <span class='ocrx_word' id='word_1_201' title='bbox 699 2413 755 2496; x_wconf 90' lang='lat' dir='ltr'>qui</span> <span class='ocrx_word' id='word_1_202' title='bbox 782 2414 958 2499; x_wconf 87' lang='lat' dir='ltr'>cupiditate</span> <span class='ocrx_word' id='word_1_203' title='bbox 985 2414 1103 2496; x_wconf 90' lang='lat' dir='ltr'>peculii</span> <span class='ocrx_word' id='word_1_204' title='bbox 1121 2432 1154 2480; x_wconf 77' lang='grc'>39</span> <span class='ocrx_word' id='word_1_205' title='bbox 1188 2447 1191 2452; x_wconf 91' lang='grc'><em>·</em></span> 
     </span>
     <span class='ocr_line' id='line_1_27' title="bbox 88 2500 1102 2567; baseline 0 -3"><span class='ocrx_word' id='word_1_206' title='bbox 88 2502 222 2566; x_wconf 88' lang='lat' dir='ltr'>nullam</span> <span class='ocrx_word' id='word_1_207' title='bbox 254 2500 473 2567; x_wconf 90' lang='lat' dir='ltr'>condicionem</span> <span class='ocrx_word' id='word_1_208' title='bbox 504 2506 655 2565; x_wconf 91' lang='lat' dir='ltr'>recusant</span> <span class='ocrx_word' id='word_1_209' title='bbox 687 2501 876 2566; x_wconf 87' lang='lat' dir='ltr'>durissimae</span> <span class='ocrx_word' id='word_1_210' title='bbox 913 2502 1102 2565; x_wconf 74' lang='lat' dir='ltr'>servitutis?</span> 
     </span>
     <span class='ocr_line' id='line_1_28' title="bbox 97 2588 1103 2673; baseline -0.001 -19"><span class='ocrx_word' id='word_1_211' title='bbox 97 2589 299 2654; x_wconf 88' lang='lat' dir='ltr'>Hereditatis</span> <span class='ocrx_word' id='word_1_212' title='bbox 331 2608 405 2673; x_wconf 90' lang='lat' dir='ltr'>spes</span> <span class='ocrx_word' id='word_1_213' title='bbox 438 2588 515 2671; x_wconf 88' lang='lat' dir='ltr'>quid</span> <span class='ocrx_word' id='word_1_214' title='bbox 545 2588 728 2672; x_wconf 87' lang='lat' dir='ltr'>iniquitatis</span> <span class='ocrx_word' id='word_1_215' title='bbox 764 2589 799 2653; x_wconf 92' lang='lat' dir='ltr'>in</span> <span class='ocrx_word' id='word_1_216' title='bbox 835 2589 1001 2654; x_wconf 81' lang='lat' dir='ltr'>serviendo</span> <span class='ocrx_word' id='word_1_217' title='bbox 1037 2610 1103 2654; x_wconf 93' lang='lat' dir='ltr'>non</span> 
     </span>
     <span class='ocr_line' id='line_1_29' title="bbox 97 2676 1103 2761; baseline -0.001 -19"><span class='ocrx_word' id='word_1_218' title='bbox 97 2676 255 2761; x_wconf 84' lang='lat' dir='ltr'>suscipit?</span> <span class='ocrx_word' id='word_1_219' title='bbox 280 2697 375 2760; x_wconf 89' lang='lat' dir='ltr'>quem</span> <span class='ocrx_word' id='word_1_220' title='bbox 393 2681 508 2740; x_wconf 88' lang='lat' dir='ltr'>nutum</span> <span class='ocrx_word' id='word_1_221' title='bbox 526 2676 698 2761; x_wconf 88' lang='lat' dir='ltr'>locupletis</span> <span class='ocrx_word' id='word_1_222' title='bbox 718 2677 789 2742; x_wconf 92' lang='lat' dir='ltr'>orbi</span> <span class='ocrx_word' id='word_1_223' title='bbox 808 2677 893 2742; x_wconf 86' lang='lat' dir='ltr'>senis</span> <span class='ocrx_word' id='word_1_224' title='bbox 911 2699 978 2742; x_wconf 92' lang='lat' dir='ltr'>non</span> <span class='ocrx_word' id='word_1_225' title='bbox 995 2678 1103 2741; x_wconf 92' lang='lat' dir='ltr'>obser-</span> 
     </span>
    </p>

    <p class='ocr_par' dir='ltr' id='par_1_9' title="bbox 42 2763 1103 2850">
     <span class='ocr_line' id='line_1_30' title="bbox 42 2763 1103 2850; baseline -0.003 -18"><span class='ocrx_word' id='word_1_226' title='bbox 42 2808 44 2817; x_wconf 78' lang='lat'><em>=</em></span> <span class='ocrx_word' id='word_1_227' title='bbox 96 2765 176 2832; x_wconf 80' lang='lat' dir='ltr'>vat?</span> <span class='ocrx_word' id='word_1_228' title='bbox 208 2764 353 2848; x_wconf 89' lang='lat' dir='ltr'>loquitur</span> <span class='ocrx_word' id='word_1_229' title='bbox 380 2763 421 2828; x_wconf 91' lang='lat' dir='ltr'>ad</span> <span class='ocrx_word' id='word_1_230' title='bbox 446 2763 663 2848; x_wconf 81' lang='lat' dir='ltr'>voluntatem3</span> <span class='ocrx_word' id='word_1_231' title='bbox 696 2765 846 2850; x_wconf 89' lang='lat' dir='ltr'>quicquid</span> <span class='ocrx_word' id='word_1_232' title='bbox 876 2764 1103 2830; x_wconf 90' lang='lat' dir='ltr'>denunciatum</span> 
     </span>
    </p>

    <p class='ocr_par' dir='ltr' id='par_1_10' title="bbox 42 2852 1156 3047">
     <span class='ocr_line' id='line_1_31' title="bbox 42 2852 1103 2938; baseline -0.002 -20"><span class='ocrx_word' id='word_1_233' title='bbox 42 2866 44 2871; x_wconf 86' lang='lat'>&#39;</span> <span class='ocrx_word' id='word_1_234' title='bbox 62 2868 85 2910; x_wconf 74' lang='lat'>³⁰</span> <span class='ocrx_word' id='word_1_235' title='bbox 98 2857 157 2938; x_wconf 88' lang='lat' dir='ltr'>est,</span> <span class='ocrx_word' id='word_1_236' title='bbox 174 2852 263 2936; x_wconf 87' lang='lat' dir='ltr'>facit,</span> <span class='ocrx_word' id='word_1_237' title='bbox 281 2852 474 2935; x_wconf 87' lang='lat' dir='ltr'>adsectatur,</span> <span class='ocrx_word' id='word_1_238' title='bbox 497 2852 631 2936; x_wconf 87' lang='lat' dir='ltr'>adsidet,</span> <span class='ocrx_word' id='word_1_239' title='bbox 653 2857 849 2918; x_wconf 88' lang='lat' dir='ltr'>muneratur.</span> <span class='ocrx_word' id='word_1_240' title='bbox 886 2852 969 2928; x_wconf 81' lang='lat' dir='ltr'>Quid</span> <span class='ocrx_word' id='word_1_241' title='bbox 987 2853 1103 2916; x_wconf 91' lang='lat' dir='ltr'>horum</span> 
     </span>
     <span class='ocr_line' id='line_1_32' title="bbox 97 2921 1156 3047; baseline -0.003 -41"><span class='ocrx_word' id='word_1_242' title='bbox 97 2944 148 3006; x_wconf 87' lang='lat' dir='ltr'>est</span> <span class='ocrx_word' id='word_1_243' title='bbox 180 2940 297 3004; x_wconf 78' lang='lat' dir='ltr'>liberi?</span> <span class='ocrx_word' id='word_1_244' title='bbox 330 2939 406 3023; x_wconf 91' lang='lat' dir='ltr'>quid</span> <span class='ocrx_word' id='word_1_245' title='bbox 438 2939 573 3024; x_wconf 90' lang='lat' dir='ltr'>denique</span> <span class='ocrx_word' id='word_1_246' title='bbox 605 2941 690 3004; x_wconf 81' lang='lat' dir='ltr'>servi</span> <span class='ocrx_word' id='word_1_247' title='bbox 722 2961 788 3005; x_wconf 91' lang='lat' dir='ltr'>non</span> <span class='ocrx_word' id='word_1_248' title='bbox 816 2941 952 3004; x_wconf 76' lang='lat' dir='ltr'>inertis?</span> <span class='ocrx_word' id='word_1_249' title='bbox 998 2939 1102 3016; x_wconf 81' lang='lat' dir='ltr'>Quid?</span> <span class='ocrx_word' id='word_1_250' title='bbox 1121 2921 1156 3047; x_wconf 61' lang='grc' dir='ltr'>ΞΟ</span> 
     </span>
    </p>

    <p class='ocr_par' dir='ltr' id='par_1_11' title="bbox 52 3027 1104 3290">
     <span class='ocr_line' id='line_1_33' title="bbox 52 3027 1102 3115; baseline -0.001 -22"><span class='ocrx_word' id='word_1_251' title='bbox 52 3110 55 3115; x_wconf 18' lang='lat'><strong>¹</strong></span> <span class='ocrx_word' id='word_1_252' title='bbox 96 3029 163 3093; x_wconf 89' lang='lat' dir='ltr'>iarn</span> <span class='ocrx_word' id='word_1_253' title='bbox 185 3028 245 3093; x_wconf 87' lang='lat' dir='ltr'>illa</span> <span class='ocrx_word' id='word_1_254' title='bbox 267 3027 436 3112; x_wconf 89' lang='lat' dir='ltr'>cupiditas,</span> <span class='ocrx_word' id='word_1_255' title='bbox 459 3049 540 3111; x_wconf 93' lang='lat' dir='ltr'>quae</span> <span class='ocrx_word' id='word_1_256' title='bbox 563 3027 691 3092; x_wconf 83' lang='lat' dir='ltr'>videtur</span> <span class='ocrx_word' id='word_1_257' title='bbox 714 3050 783 3092; x_wconf 91' lang='lat' dir='ltr'>esse</span> <span class='ocrx_word' id='word_1_258' title='bbox 806 3028 981 3110; x_wconf 88' lang='lat' dir='ltr'>liberalior,</span> <span class='ocrx_word' id='word_1_259' title='bbox 1003 3027 1102 3092; x_wconf 90' lang='lat' dir='ltr'>hono·</span> 
     </span>
     <span class='ocr_line' id='line_1_34' title="bbox 97 3114 1103 3201; baseline -0.001 -21"><span class='ocrx_word' id='word_1_260' title='bbox 97 3118 156 3201; x_wconf 87' lang='lat' dir='ltr'>ris,</span> <span class='ocrx_word' id='word_1_261' title='bbox 188 3115 330 3201; x_wconf 87' lang='lat' dir='ltr'>imperii,</span> <span class='ocrx_word' id='word_1_262' title='bbox 361 3114 615 3199; x_wconf 88' lang='lat' dir='ltr'>provinciarum,</span> <span class='ocrx_word' id='word_1_263' title='bbox 647 3137 744 3199; x_wconf 87' lang='lat' dir='ltr'>quam</span> <span class='ocrx_word' id='word_1_264' title='bbox 776 3116 856 3181; x_wconf 88' lang='lat' dir='ltr'>dura</span> <span class='ocrx_word' id='word_1_265' title='bbox 888 3121 938 3180; x_wconf 89' lang='lat' dir='ltr'>est</span> <span class='ocrx_word' id='word_1_266' title='bbox 965 3115 1103 3199; x_wconf 90' lang='lat' dir='ltr'>domina,</span> 
     </span>
     <span class='ocr_line' id='line_1_35' title="bbox 97 3202 1104 3290; baseline -0.003 -21"><span class='ocrx_word' id='word_1_267' title='bbox 97 3227 196 3288; x_wconf 90' lang='lat' dir='ltr'>quam</span> <span class='ocrx_word' id='word_1_268' title='bbox 222 3203 410 3289; x_wconf 90' lang='lat' dir='ltr'>imperiosa,</span> <span class='ocrx_word' id='word_1_269' title='bbox 438 3225 535 3287; x_wconf 90' lang='lat' dir='ltr'>quam</span> <span class='ocrx_word' id='word_1_270' title='bbox 561 3203 747 3268; x_wconf 84' lang='lat' dir='ltr'>vehemens!</span> <span class='ocrx_word' id='word_1_271' title='bbox 794 3202 953 3290; x_wconf 84' lang='lat' dir='ltr'>Cethego,</span> <span class='ocrx_word' id='word_1_272' title='bbox 979 3202 1104 3267; x_wconf 90' lang='lat' dir='ltr'>homini</span> 
     </span>
    </p>

    <p class='ocr_par' dir='ltr' id='par_1_12' title="bbox 62 3290 1103 3552">
     <span class='ocr_line' id='line_1_36' title="bbox 62 3290 1103 3377; baseline -0.002 -20"><span class='ocrx_word' id='word_1_273' title='bbox 62 3307 163 3357; x_wconf 62' lang='lat' dir='ltr'>bnon</span> <span class='ocrx_word' id='word_1_274' title='bbox 190 3290 436 3376; x_wconf 88' lang='lat' dir='ltr'>probatissimo,</span> <span class='ocrx_word' id='word_1_275' title='bbox 469 3290 589 3356; x_wconf 84' lang='lat' dir='ltr'>servire</span> <span class='ocrx_word' id='word_1_276' title='bbox 621 3291 728 3376; x_wconf 67' lang='lat' dir='ltr'>coegit</span> <span class='ocrx_word' id='word_1_277' title='bbox 755 3313 823 3375; x_wconf 90' lang='lat' dir='ltr'>eos,</span> <span class='ocrx_word' id='word_1_278' title='bbox 857 3292 912 3377; x_wconf 92' lang='lat' dir='ltr'>qui</span> <span class='ocrx_word' id='word_1_279' title='bbox 943 3291 1007 3355; x_wconf 91' lang='lat' dir='ltr'>sibi</span> <span class='ocrx_word' id='word_1_280' title='bbox 1034 3313 1103 3355; x_wconf 87' lang='lat' dir='ltr'>esse</span> 
     </span>
     <span class='ocr_line' id='line_1_37' title="bbox 98 3378 1103 3465; baseline -0.003 -20"><span class='ocrx_word' id='word_1_281' title='bbox 98 3380 292 3465; x_wconf 87' lang='lat' dir='ltr'>amplissimi</span> <span class='ocrx_word' id='word_1_282' title='bbox 314 3378 520 3461; x_wconf 86' lang='lat' dir='ltr'>videbantur,</span> <span class='ocrx_word' id='word_1_283' title='bbox 548 3399 681 3442; x_wconf 89' lang='lat' dir='ltr'>munera</span> <span class='ocrx_word' id='word_1_284' title='bbox 704 3379 846 3463; x_wconf 90' lang='lat' dir='ltr'>mittere,</span> <span class='ocrx_word' id='word_1_285' title='bbox 872 3382 971 3444; x_wconf 89' lang='lat' dir='ltr'>noctu</span> <span class='ocrx_word' id='word_1_286' title='bbox 994 3379 1103 3444; x_wconf 81' lang='lat' dir='ltr'>venire</span> 
     </span>
     <span class='ocr_line' id='line_1_38' title="bbox 98 3465 1102 3552; baseline -0.002 -20"><span class='ocrx_word' id='word_1_287' title='bbox 98 3468 231 3533; x_wconf 92' lang='lat' dir='ltr'>domum</span> <span class='ocrx_word' id='word_1_288' title='bbox 258 3468 300 3532; x_wconf 90' lang='lat' dir='ltr'>ad</span> <span class='ocrx_word' id='word_1_289' title='bbox 326 3488 413 3550; x_wconf 92' lang='lat' dir='ltr'>eum,</span> <span class='ocrx_word' id='word_1_290' title='bbox 444 3467 583 3551; x_wconf 89' lang='lat' dir='ltr'>precari,</span> <span class='ocrx_word' id='word_1_291' title='bbox 616 3466 751 3551; x_wconf 88' lang='lat' dir='ltr'>denique</span> <span class='ocrx_word' id='word_1_292' title='bbox 779 3467 969 3552; x_wconf 89' lang='lat' dir='ltr'>supplicare.</span> <span class='ocrx_word' id='word_1_293' title='bbox 1015 3465 1102 3543; x_wconf 85' lang='lat' dir='ltr'>Quae</span> 
     </span>
    </p>

    <p class='ocr_par' dir='ltr' id='par_1_13' title="bbox 151 3574 943 3622">
     <span class='ocr_line' id='line_1_39' title="bbox 151 3574 943 3622; baseline 0.001 -1"><span class='ocrx_word' id='word_1_294' title='bbox 151 3581 205 3622; x_wconf 87' lang='lat' dir='ltr'>erc.</span> <span class='ocrx_word' id='word_1_295' title='bbox 218 3581 259 3622; x_wconf 84' lang='lat' dir='ltr'>rv.</span> <span class='ocrx_word' id='word_1_296' title='bbox 272 3581 292 3622; x_wconf 83' lang='lat' dir='ltr'>a.</span> <span class='ocrx_word' id='word_1_297' title='bbox 911 3574 943 3622; x_wconf 77' lang='lat'>14</span> 
     </span>
    </p>
   </div>
   <div class='ocr_carea' id='block_1_3' title="bbox 0 0 1225 3990">
    <p class='ocr_par' dir='ltr' id='par_1_14' title="bbox 0 0 1225 3990">
     <span class='ocr_line' id='line_1_40' title="bbox 0 0 1225 3990; baseline 0 0"><span class='ocrx_word' id='word_1_298' title='bbox 0 0 1225 3990; x_wconf 95' lang='lat' dir='ltr'> </span> 
     </span>
    </p>
   </div>
  </div>
 </body>
</html>
