<?xml version="1.0" encoding="UTF-8"?>
<!DOCTYPE html PUBLIC "-//W3C//DTD XHTML 1.0 Transitional//EN"
    "http://www.w3.org/TR/xhtml1/DTD/xhtml1-transitional.dtd">
<html xmlns="http://www.w3.org/1999/xhtml" xml:lang="en" lang="en">
 <head>
  <title>
</title>
<meta http-equiv="Content-Type" content="text/html;charset=utf-8" />
  <meta name='ocr-system' content='tesseract 3.04.00' />
  <meta name='ocr-capabilities' content='ocr_page ocr_carea ocr_par ocr_line ocrx_word'/>
</head>
<body>
  <div class='ocr_page' id='page_1' title='image "./mtulliiciceroni42cicegoog/mtulliiciceroni42cicegoog_0061.png"; bbox 0 0 2430 3990; ppageno 0'>
   <div class='ocr_carea' id='block_1_1' title="bbox 158 157 861 225">
    <p class='ocr_par' dir='ltr' id='par_1_1' title="bbox 158 157 861 225">
     <span class='ocr_line' id='line_1_1' title="bbox 158 157 861 225; baseline -0.007 -8"><span class='ocrx_word' id='word_1_1' title='bbox 158 161 220 225; x_wconf 89' lang='lat'><strong>186</strong></span> <span class='ocrx_word' id='word_1_2' title='bbox 455 157 608 212; x_wconf 64' lang='lat' dir='ltr'>MELIUS</span> <span class='ocrx_word' id='word_1_3' title='bbox 626 157 675 211; x_wconf 84' lang='lat' dir='ltr'><strong>DE</strong></span> <span class='ocrx_word' id='word_1_4' title='bbox 694 157 861 213; x_wconf 79' lang='lat' dir='ltr'>AMICITIA</span> 
     </span>
    </p>
   </div>
   <div class='ocr_carea' id='block_1_2' title="bbox 102 320 1204 3393">
    <p class='ocr_par' dir='ltr' id='par_1_2' title="bbox 153 320 1196 757">
     <span class='ocr_line' id='line_1_2' title="bbox 155 320 1164 405; baseline 0 -20"><span class='ocrx_word' id='word_1_5' title='bbox 155 321 252 405; x_wconf 87' lang='lat' dir='ltr'><strong>venti,</strong></span> <span class='ocrx_word' id='word_1_6' title='bbox 275 321 415 385; x_wconf 77' lang='lat' dir='ltr'><strong>retinent</strong></span> <span class='ocrx_word' id='word_1_7' title='bbox 437 324 549 384; x_wconf 88' lang='lat' dir='ltr'><strong>tamen</strong></span> <span class='ocrx_word' id='word_1_8' title='bbox 571 320 740 384; x_wconf 88' lang='lat' dir='ltr'><strong>caritatem</strong></span> <span class='ocrx_word' id='word_1_9' title='bbox 763 320 798 383; x_wconf 94' lang='lat' dir='ltr'><strong>in</strong></span> <span class='ocrx_word' id='word_1_10' title='bbox 820 322 978 404; x_wconf 80' lang='lat' dir='ltr'><strong>pastores,</strong></span> <span class='ocrx_word' id='word_1_11' title='bbox 1004 341 1086 403; x_wconf 87' lang='lat' dir='ltr'><strong>quos</strong></span> <span class='ocrx_word' id='word_1_12' title='bbox 1109 343 1164 405; x_wconf 89' lang='lat' dir='ltr'><strong>pa-</strong></span> 
     </span>
     <span class='ocr_line' id='line_1_3' title="bbox 155 407 1162 482; baseline -0.001 -9"><span class='ocrx_word' id='word_1_13' title='bbox 155 414 222 474; x_wconf 89' lang='lat' dir='ltr'><strong>tres</strong></span> <span class='ocrx_word' id='word_1_14' title='bbox 255 410 375 473; x_wconf 91' lang='lat' dir='ltr'><strong>multos</strong></span> <span class='ocrx_word' id='word_1_15' title='bbox 408 429 510 472; x_wconf 88' lang='lat' dir='ltr'><strong>annos</strong></span> <span class='ocrx_word' id='word_1_16' title='bbox 544 429 613 472; x_wconf 89' lang='lat' dir='ltr'><strong>esse</strong></span> <span class='ocrx_word' id='word_1_17' title='bbox 642 408 811 475; x_wconf 87' lang='lat' dir='ltr'><strong>duxerunt.</strong></span> <span class='ocrx_word' id='word_1_18' title='bbox 857 407 949 482; x_wconf 84' lang='lat' dir='ltr'><strong>Quod</strong></span> <span class='ocrx_word' id='word_1_19' title='bbox 977 412 1026 472; x_wconf 91' lang='lat' dir='ltr'><strong>est</strong></span> <span class='ocrx_word' id='word_1_20' title='bbox 1058 410 1162 472; x_wconf 93' lang='lat' dir='ltr'><strong>multo</strong></span> 
     </span>
     <span class='ocr_line' id='line_1_4' title="bbox 153 496 1162 582; baseline 0 -22"><span class='ocrx_word' id='word_1_21' title='bbox 153 496 300 582; x_wconf 88' lang='lat' dir='ltr'><strong>profecto</strong></span> <span class='ocrx_word' id='word_1_22' title='bbox 324 496 429 581; x_wconf 84' lang='lat' dir='ltr'><strong>magis</strong></span> <span class='ocrx_word' id='word_1_23' title='bbox 453 497 487 559; x_wconf 92' lang='lat' dir='ltr'><strong>in</strong></span> <span class='ocrx_word' id='word_1_24' title='bbox 509 497 594 560; x_wconf 83' lang='lat' dir='ltr'><strong>veris</strong></span> <span class='ocrx_word' id='word_1_25' title='bbox 617 496 766 579; x_wconf 88' lang='lat' dir='ltr'><strong>patribus</strong></span> <span class='ocrx_word' id='word_1_26' title='bbox 790 496 950 579; x_wconf 88' lang='lat' dir='ltr'><strong>certisque</strong></span> <span class='ocrx_word' id='word_1_27' title='bbox 971 496 1162 562; x_wconf 85' lang='lat' dir='ltr'><strong>faciendum.</strong></span> 
     </span>
     <span class='ocr_line' id='line_1_5' title="bbox 153 584 1164 669; baseline -0.001 -20"><span class='ocrx_word' id='word_1_28' title='bbox 153 585 290 650; x_wconf 79' lang='lat' dir='ltr'><strong>Fructus</strong></span> <span class='ocrx_word' id='word_1_29' title='bbox 310 584 394 648; x_wconf 93' lang='lat' dir='ltr'><strong>enim</strong></span> <span class='ocrx_word' id='word_1_30' title='bbox 413 584 536 669; x_wconf 82' lang='lat' dir='ltr'><strong>ingenii</strong></span> <span class='ocrx_word' id='word_1_31' title='bbox 555 587 587 647; x_wconf 94' lang='lat' dir='ltr'><strong>et</strong></span> <span class='ocrx_word' id='word_1_32' title='bbox 605 584 737 649; x_wconf 87' lang='lat' dir='ltr'><strong>virtutis</strong></span> <span class='ocrx_word' id='word_1_33' title='bbox 757 584 924 666; x_wconf 90' lang='lat' dir='ltr'><strong>omnisque</strong></span> <span class='ocrx_word' id='word_1_34' title='bbox 942 584 1164 668; x_wconf 76' lang='lat' dir='ltr'><strong>praestantiae</strong></span> 
     </span>
     <span class='ocr_line' id='line_1_6' title="bbox 154 671 1196 757; baseline -0.001 -20"><span class='ocrx_word' id='word_1_35' title='bbox 154 677 225 737; x_wconf 91' lang='lat' dir='ltr'><strong>tum</strong></span> <span class='ocrx_word' id='word_1_36' title='bbox 252 693 421 736; x_wconf 85' lang='lat' dir='ltr'><strong>maxumus</strong></span> <span class='ocrx_word' id='word_1_37' title='bbox 450 671 590 755; x_wconf 80' lang='lat' dir='ltr'><strong>capitur,</strong></span> <span class='ocrx_word' id='word_1_38' title='bbox 622 693 693 736; x_wconf 91' lang='lat' dir='ltr'><strong>oum</strong></span> <span class='ocrx_word' id='word_1_39' title='bbox 717 672 752 735; x_wconf 93' lang='lat' dir='ltr'><strong>in</strong></span> <span class='ocrx_word' id='word_1_40' title='bbox 777 694 970 756; x_wconf 85' lang='lat' dir='ltr'><strong>proxumum</strong></span> <span class='ocrx_word' id='word_1_41' title='bbox 1004 688 1196 757; x_wconf 75' lang='lat' dir='ltr'><strong>quemque⁶</strong></span> 
     </span>
    </p>

    <p class='ocr_par' dir='ltr' id='par_1_3' title="bbox 102 760 327 875">
     <span class='ocr_line' id='line_1_7' title="bbox 102 760 327 875; baseline -0.013 -49"><span class='ocrx_word' id='word_1_42' title='bbox 102 810 146 875; x_wconf 69' lang='lat'><strong>20</strong></span> <span class='ocrx_word' id='word_1_43' title='bbox 155 760 327 826; x_wconf 87' lang='lat' dir='ltr'><strong>confertur.</strong></span> 
     </span>
    </p>

    <p class='ocr_par' dir='ltr' id='par_1_4' title="bbox 103 846 1197 1636">
     <span class='ocr_line' id='line_1_8' title="bbox 103 846 1164 938; baseline 0 -26"><span class='ocrx_word' id='word_1_44' title='bbox 103 889 134 938; x_wconf 80' lang='lat'><strong>‘11</strong></span> <span class='ocrx_word' id='word_1_45' title='bbox 222 847 268 912; x_wconf 94' lang='lat' dir='ltr'><strong>Ut</strong></span> <span class='ocrx_word' id='word_1_46' title='bbox 290 847 393 932; x_wconf 82' lang='lat' dir='ltr'><strong>igitur</strong></span> <span class='ocrx_word' id='word_1_47' title='bbox 415 847 448 931; x_wconf 86' lang='lat' dir='ltr'><strong>ii,</strong></span> <span class='ocrx_word' id='word_1_48' title='bbox 472 847 527 930; x_wconf 91' lang='lat' dir='ltr'><strong>qui</strong></span> <span class='ocrx_word' id='word_1_49' title='bbox 546 849 621 910; x_wconf 88' lang='lat' dir='ltr'><strong>sunt</strong></span> <span class='ocrx_word' id='word_1_50' title='bbox 639 846 674 909; x_wconf 92' lang='lat' dir='ltr'><strong>in</strong></span> <span class='ocrx_word' id='word_1_51' title='bbox 689 846 850 911; x_wconf 88' lang='lat' dir='ltr'><strong>amicitiae</strong></span> <span class='ocrx_word' id='word_1_52' title='bbox 864 847 1164 932; x_wconf 89' lang='lat' dir='ltr'><strong>coniunctionisque</strong></span> 
     </span>
     <span class='ocr_line' id='line_1_9' title="bbox 154 934 1163 1019; baseline 0 -19"><span class='ocrx_word' id='word_1_53' title='bbox 154 939 293 1001; x_wconf 82' lang='lat' dir='ltr'><strong>necessit</strong></span> <span class='ocrx_word' id='word_1_54' title='bbox 269 935 390 1000; x_wconf 91' lang='lat' dir='ltr'><strong>tudine</strong></span> <span class='ocrx_word' id='word_1_55' title='bbox 409 935 600 1019; x_wconf 66' lang='lat' dir='ltr'><strong>superiores</strong></span> <span class='ocrx_word' id='word_1_56' title='bbox 619 955 797 1017; x_wconf 78' lang='lat' dir='ltr'><strong>exaequare</strong></span> <span class='ocrx_word' id='word_1_57' title='bbox 816 955 850 998; x_wconf 89' lang='lat' dir='ltr'><strong>se</strong></span> <span class='ocrx_word' id='word_1_58' title='bbox 867 956 940 999; x_wconf 92' lang='lat' dir='ltr'><strong>cum</strong></span> <span class='ocrx_word' id='word_1_59' title='bbox 956 934 1163 1001; x_wconf 87' lang='lat' dir='ltr'><strong>inferioribus</strong></span> 
     </span>
     <span class='ocr_line' id='line_1_10' title="bbox 156 1022 1163 1109; baseline 0.001 -21"><span class='ocrx_word' id='word_1_60' title='bbox 156 1025 282 1102; x_wconf 90' lang='lat' dir='ltr'><strong>debent,</strong></span> <span class='ocrx_word' id='word_1_61' title='bbox 306 1023 352 1088; x_wconf 87' lang='lat' dir='ltr'><strong>sic</strong></span> <span class='ocrx_word' id='word_1_62' title='bbox 375 1022 543 1088; x_wconf 90' lang='lat' dir='ltr'><strong>inferiores</strong></span> <span class='ocrx_word' id='word_1_63' title='bbox 566 1044 632 1086; x_wconf 92' lang='lat' dir='ltr'><strong>non</strong></span> <span class='ocrx_word' id='word_1_64' title='bbox 651 1022 759 1086; x_wconf 91' lang='lat' dir='ltr'><strong>dolere</strong></span> <span class='ocrx_word' id='word_1_65' title='bbox 778 1043 813 1086; x_wconf 89' lang='lat' dir='ltr'><strong>se</strong></span> <span class='ocrx_word' id='word_1_66' title='bbox 832 1045 851 1086; x_wconf 95' lang='lat' dir='ltr'><strong>a</strong></span> <span class='ocrx_word' id='word_1_67' title='bbox 870 1023 936 1086; x_wconf 87' lang='lat' dir='ltr'><strong>suis</strong></span> <span class='ocrx_word' id='word_1_68' title='bbox 957 1023 1040 1087; x_wconf 89' lang='lat' dir='ltr'><strong>aut</strong></span> <span class='ocrx_word' id='word_1_69' title='bbox 1031 1026 1163 1109; x_wconf 81' lang='lat' dir='ltr'><strong>ingenio</strong></span> 
     </span>
     <span class='ocr_line' id='line_1_11' title="bbox 156 1074 1197 1196; baseline -0.001 -19"><span class='ocrx_word' id='word_1_70' title='bbox 156 1117 212 1178; x_wconf 90' lang='lat' dir='ltr'><strong>aut</strong></span> <span class='ocrx_word' id='word_1_71' title='bbox 198 1074 302 1177; x_wconf 83' lang='lat' dir='ltr'><strong>tfoit</strong></span> <span class='ocrx_word' id='word_1_72' title='bbox 288 1116 367 1176; x_wconf 90' lang='lat' dir='ltr'><strong>tuna</strong></span> <span class='ocrx_word' id='word_1_73' title='bbox 390 1116 447 1176; x_wconf 90' lang='lat' dir='ltr'><strong>aut</strong></span> <span class='ocrx_word' id='word_1_74' title='bbox 471 1110 611 1196; x_wconf 87' lang='lat' dir='ltr'><strong>dignitat</strong></span> <span class='ocrx_word' id='word_1_75' title='bbox 613 1110 807 1193; x_wconf 87' lang='lat' dir='ltr'><strong>esuperari.</strong></span> <span class='ocrx_word' id='word_1_76' title='bbox 851 1108 994 1186; x_wconf 83' lang='lat' dir='ltr'><strong>Quorum</strong></span> <span class='ocrx_word' id='word_1_77' title='bbox 1017 1111 1163 1195; x_wconf 90' lang='lat' dir='ltr'><strong>plerique</strong></span> <span class='ocrx_word' id='word_1_78' title='bbox 1176 1127 1197 1167; x_wconf 82' lang='lat'><strong>1⁰</strong></span> 
     </span>
     <span class='ocr_line' id='line_1_12' title="bbox 156 1198 1164 1284; baseline -0.002 -18"><span class='ocrx_word' id='word_1_79' title='bbox 156 1205 213 1266; x_wconf 90' lang='lat' dir='ltr'><strong>aut</strong></span> <span class='ocrx_word' id='word_1_80' title='bbox 236 1203 414 1283; x_wconf 86' lang='lat' dir='ltr'><strong>queruntur</strong></span> <span class='ocrx_word' id='word_1_81' title='bbox 444 1220 570 1281; x_wconf 85' lang='lat' dir='ltr'><strong>semper</strong></span> <span class='ocrx_word' id='word_1_82' title='bbox 598 1198 721 1282; x_wconf 87' lang='lat' dir='ltr'><strong>aliquid</strong></span> <span class='ocrx_word' id='word_1_83' title='bbox 750 1202 806 1262; x_wconf 90' lang='lat' dir='ltr'><strong>aut</strong></span> <span class='ocrx_word' id='word_1_84' title='bbox 834 1199 933 1263; x_wconf 89' lang='lat' dir='ltr'><strong>etiam</strong></span> <span class='ocrx_word' id='word_1_85' title='bbox 956 1199 1164 1284; x_wconf 84' lang='lat' dir='ltr'><strong>exprobrant,</strong></span> 
     </span>
     <span class='ocr_line' id='line_1_13' title="bbox 156 1286 1164 1371; baseline 0 -19"><span class='ocrx_word' id='word_1_86' title='bbox 156 1309 257 1371; x_wconf 90' lang='lat' dir='ltr'><strong>eoque</strong></span> <span class='ocrx_word' id='word_1_87' title='bbox 280 1288 398 1371; x_wconf 84' lang='lat' dir='ltr'><strong>magis,</strong></span> <span class='ocrx_word' id='word_1_88' title='bbox 427 1287 455 1350; x_wconf 91' lang='lat' dir='ltr'><strong>si</strong></span> <span class='ocrx_word' id='word_1_89' title='bbox 478 1286 598 1351; x_wconf 91' lang='lat' dir='ltr'><strong>habere</strong></span> <span class='ocrx_word' id='word_1_90' title='bbox 626 1307 660 1350; x_wconf 91' lang='lat' dir='ltr'><strong>se</strong></span> <span class='ocrx_word' id='word_1_91' title='bbox 687 1289 818 1370; x_wconf 83' lang='lat' dir='ltr'><strong>putant,</strong></span> <span class='ocrx_word' id='word_1_92' title='bbox 851 1286 936 1368; x_wconf 90' lang='lat' dir='ltr'><strong>quod</strong></span> <span class='ocrx_word' id='word_1_93' title='bbox 964 1286 1108 1352; x_wconf 87' lang='lat' dir='ltr'><strong>officiose</strong></span> <span class='ocrx_word' id='word_1_94' title='bbox 1131 1291 1164 1352; x_wconf 91' lang='lat' dir='ltr'><strong>et</strong></span> 
     </span>
     <span class='ocr_line' id='line_1_14' title="bbox 156 1373 1163 1458; baseline 0 -18"><span class='ocrx_word' id='word_1_95' title='bbox 156 1375 257 1440; x_wconf 91' lang='lat' dir='ltr'><strong>amice</strong></span> <span class='ocrx_word' id='word_1_96' title='bbox 281 1379 314 1438; x_wconf 90' lang='lat' dir='ltr'><strong>et</strong></span> <span class='ocrx_word' id='word_1_97' title='bbox 337 1396 409 1439; x_wconf 89' lang='lat' dir='ltr'><strong>oum</strong></span> <span class='ocrx_word' id='word_1_98' title='bbox 432 1375 544 1438; x_wconf 90' lang='lat' dir='ltr'><strong>labore</strong></span> <span class='ocrx_word' id='word_1_99' title='bbox 564 1373 672 1456; x_wconf 91' lang='lat' dir='ltr'><strong>aliquo</strong></span> <span class='ocrx_word' id='word_1_100' title='bbox 692 1395 749 1438; x_wconf 94' lang='lat' dir='ltr'><strong>suo</strong></span> <span class='ocrx_word' id='word_1_101' title='bbox 768 1373 891 1439; x_wconf 86' lang='lat' dir='ltr'><strong>factum</strong></span> <span class='ocrx_word' id='word_1_102' title='bbox 911 1379 1030 1458; x_wconf 86' lang='lat' dir='ltr'><strong>queant</strong></span> <span class='ocrx_word' id='word_1_103' title='bbox 1050 1375 1163 1440; x_wconf 83' lang='lat' dir='ltr'><strong>dicere.</strong></span> 
     </span>
     <span class='ocr_line' id='line_1_15' title="bbox 157 1461 1164 1548; baseline 0 -20"><span class='ocrx_word' id='word_1_104' title='bbox 157 1463 312 1528; x_wconf 86' lang='lat' dir='ltr'><strong>Odiosum</strong></span> <span class='ocrx_word' id='word_1_105' title='bbox 337 1483 413 1526; x_wconf 89' lang='lat' dir='ltr'><strong>sane</strong></span> <span class='ocrx_word' id='word_1_106' title='bbox 437 1483 538 1548; x_wconf 82' lang='lat' dir='ltr'><strong>genus</strong></span> <span class='ocrx_word' id='word_1_107' title='bbox 561 1461 729 1527; x_wconf 89' lang='lat' dir='ltr'><strong>hominum</strong></span> <span class='ocrx_word' id='word_1_108' title='bbox 752 1461 859 1527; x_wconf 85' lang='lat' dir='ltr'><strong>officia</strong></span> <span class='ocrx_word' id='word_1_109' title='bbox 884 1463 1164 1548; x_wconf 67' lang='lat' dir='ltr'><strong>exprobrantium</strong></span> 
     </span>
     <span class='ocr_line' id='line_1_16' title="bbox 157 1550 1197 1636; baseline 0 -20"><span class='ocrx_word' id='word_1_110' title='bbox 157 1574 239 1635; x_wconf 90' lang='lat' dir='ltr'><strong>quae</strong></span> <span class='ocrx_word' id='word_1_111' title='bbox 262 1551 447 1615; x_wconf 88' lang='lat' dir='ltr'><strong>meminisse</strong></span> <span class='ocrx_word' id='word_1_112' title='bbox 471 1550 566 1615; x_wconf 90' lang='lat' dir='ltr'><strong>debet</strong></span> <span class='ocrx_word' id='word_1_113' title='bbox 588 1550 625 1632; x_wconf 88' lang='lat' dir='ltr'><strong>is,</strong></span> <span class='ocrx_word' id='word_1_114' title='bbox 649 1550 683 1613; x_wconf 94' lang='lat' dir='ltr'><strong>in</strong></span> <span class='ocrx_word' id='word_1_115' title='bbox 706 1571 801 1632; x_wconf 90' lang='lat' dir='ltr'><strong>quem</strong></span> <span class='ocrx_word' id='word_1_116' title='bbox 825 1551 955 1615; x_wconf 89' lang='lat' dir='ltr'><strong>conlata</strong></span> <span class='ocrx_word' id='word_1_117' title='bbox 979 1554 1068 1636; x_wconf 87' lang='lat' dir='ltr'><strong>sunt,</strong></span> <span class='ocrx_word' id='word_1_118' title='bbox 1095 1573 1162 1616; x_wconf 90' lang='lat' dir='ltr'><strong>non</strong></span> <span class='ocrx_word' id='word_1_119' title='bbox 1176 1565 1197 1608; x_wconf 77' lang='lat'><strong>1⁶</strong></span> 
     </span>
    </p>

    <p class='ocr_par' dir='ltr' id='par_1_5' title="bbox 103 1637 1201 2162">
     <span class='ocr_line' id='line_1_17' title="bbox 103 1637 1164 1724; baseline -0.004 -17"><span class='ocrx_word' id='word_1_120' title='bbox 103 1658 136 1708; x_wconf 78' lang='lat'><strong>72</strong></span> <span class='ocrx_word' id='word_1_121' title='bbox 156 1661 417 1722; x_wconf 88' lang='lat' dir='ltr'><strong>commemorare,</strong></span> <span class='ocrx_word' id='word_1_122' title='bbox 441 1638 495 1722; x_wconf 89' lang='lat' dir='ltr'><strong>qui</strong></span> <span class='ocrx_word' id='word_1_123' title='bbox 519 1637 666 1703; x_wconf 89' lang='lat' dir='ltr'><strong>contulit.</strong></span> <span class='ocrx_word' id='word_1_124' title='bbox 704 1637 808 1712; x_wconf 82' lang='lat' dir='ltr'><strong>Quam</strong></span> <span class='ocrx_word' id='word_1_125' title='bbox 832 1638 873 1702; x_wconf 91' lang='lat' dir='ltr'><strong>ob</strong></span> <span class='ocrx_word' id='word_1_126' title='bbox 897 1660 973 1722; x_wconf 91' lang='lat' dir='ltr'><strong>rem,</strong></span> <span class='ocrx_word' id='word_1_127' title='bbox 997 1643 1034 1703; x_wconf 88' lang='lat' dir='ltr'><strong>ut</strong></span> <span class='ocrx_word' id='word_1_128' title='bbox 1051 1638 1085 1722; x_wconf 87' lang='lat' dir='ltr'><strong>ii,</strong></span> <span class='ocrx_word' id='word_1_129' title='bbox 1108 1639 1164 1724; x_wconf 89' lang='lat' dir='ltr'><strong>qui</strong></span> 
     </span>
     <span class='ocr_line' id='line_1_18' title="bbox 156 1725 1164 1811; baseline -0.001 -19"><span class='ocrx_word' id='word_1_130' title='bbox 156 1727 337 1811; x_wconf 88' lang='lat' dir='ltr'><strong>superiores</strong></span> <span class='ocrx_word' id='word_1_131' title='bbox 362 1729 446 1808; x_wconf 91' lang='lat' dir='ltr'><strong>sunt,</strong></span> <span class='ocrx_word' id='word_1_132' title='bbox 470 1726 672 1790; x_wconf 85' lang='lat' dir='ltr'><strong>summittere</strong></span> <span class='ocrx_word' id='word_1_133' title='bbox 696 1747 730 1789; x_wconf 90' lang='lat' dir='ltr'><strong>se</strong></span> <span class='ocrx_word' id='word_1_134' title='bbox 753 1726 871 1790; x_wconf 88' lang='lat' dir='ltr'><strong>debent</strong></span> <span class='ocrx_word' id='word_1_135' title='bbox 889 1725 924 1789; x_wconf 89' lang='lat' dir='ltr'><strong>in</strong></span> <span class='ocrx_word' id='word_1_136' title='bbox 942 1726 1094 1810; x_wconf 87' lang='lat' dir='ltr'><strong>amicitia,</strong></span> <span class='ocrx_word' id='word_1_137' title='bbox 1118 1728 1164 1792; x_wconf 89' lang='lat' dir='ltr'><strong>sic</strong></span> 
     </span>
     <span class='ocr_line' id='line_1_19' title="bbox 157 1811 1164 1899; baseline 0 -20"><span class='ocrx_word' id='word_1_138' title='bbox 157 1815 296 1899; x_wconf 88' lang='lat' dir='ltr'><strong>quodam</strong></span> <span class='ocrx_word' id='word_1_139' title='bbox 315 1814 410 1878; x_wconf 91' lang='lat' dir='ltr'><strong>modo</strong></span> <span class='ocrx_word' id='word_1_140' title='bbox 430 1814 599 1878; x_wconf 86' lang='lat' dir='ltr'><strong>inferiores</strong></span> <span class='ocrx_word' id='word_1_141' title='bbox 619 1814 783 1878; x_wconf 85' lang='lat' dir='ltr'><strong>extollere.</strong></span> <span class='ocrx_word' id='word_1_142' title='bbox 816 1811 898 1878; x_wconf 88' lang='lat' dir='ltr'><strong>Sunt</strong></span> <span class='ocrx_word' id='word_1_143' title='bbox 917 1814 1003 1878; x_wconf 92' lang='lat' dir='ltr'><strong>enim</strong></span> <span class='ocrx_word' id='word_1_144' title='bbox 1023 1814 1164 1898; x_wconf 88' lang='lat' dir='ltr'><strong>quidam,</strong></span> 
     </span>
     <span class='ocr_line' id='line_1_20' title="bbox 156 1901 1165 1987; baseline 0.001 -21"><span class='ocrx_word' id='word_1_145' title='bbox 156 1904 210 1987; x_wconf 91' lang='lat' dir='ltr'><strong>qui</strong></span> <span class='ocrx_word' id='word_1_146' title='bbox 235 1903 390 1966; x_wconf 86' lang='lat' dir='ltr'><strong>molestas</strong></span> <span class='ocrx_word' id='word_1_147' title='bbox 415 1901 573 1966; x_wconf 84' lang='lat' dir='ltr'><strong>amicitias</strong></span> <span class='ocrx_word' id='word_1_148' title='bbox 597 1901 732 1983; x_wconf 86' lang='lat' dir='ltr'><strong>faciunt,</strong></span> <span class='ocrx_word' id='word_1_149' title='bbox 761 1922 833 1965; x_wconf 86' lang='lat' dir='ltr'><strong>cum</strong></span> <span class='ocrx_word' id='word_1_150' title='bbox 856 1901 920 1985; x_wconf 91' lang='lat' dir='ltr'><strong>ipsi</strong></span> <span class='ocrx_word' id='word_1_151' title='bbox 943 1923 977 1966; x_wconf 90' lang='lat' dir='ltr'><strong>se</strong></span> <span class='ocrx_word' id='word_1_152' title='bbox 1000 1903 1165 1967; x_wconf 90' lang='lat' dir='ltr'><strong>contemni</strong></span> 
     </span>
     <span class='ocr_line' id='line_1_21' title="bbox 155 1989 1201 2076; baseline 0.001 -21"><span class='ocrx_word' id='word_1_153' title='bbox 155 1995 287 2076; x_wconf 78' lang='lat' dir='ltr'><strong>putant3</strong></span> <span class='ocrx_word' id='word_1_154' title='bbox 319 1990 404 2074; x_wconf 92' lang='lat' dir='ltr'><strong>quod</strong></span> <span class='ocrx_word' id='word_1_155' title='bbox 431 2011 497 2054; x_wconf 92' lang='lat' dir='ltr'><strong>non</strong></span> <span class='ocrx_word' id='word_1_156' title='bbox 523 1989 590 2052; x_wconf 85' lang='lat' dir='ltr'><strong>fere</strong></span> <span class='ocrx_word' id='word_1_157' title='bbox 618 1989 779 2073; x_wconf 84' lang='lat' dir='ltr'><strong>contingit</strong></span> <span class='ocrx_word' id='word_1_158' title='bbox 807 1989 871 2052; x_wconf 90' lang='lat' dir='ltr'><strong>nisi</strong></span> <span class='ocrx_word' id='word_1_159' title='bbox 898 1989 952 2073; x_wconf 86' lang='lat' dir='ltr'><strong>iis,</strong></span> <span class='ocrx_word' id='word_1_160' title='bbox 985 1990 1040 2073; x_wconf 90' lang='lat' dir='ltr'><strong>qui</strong></span> <span class='ocrx_word' id='word_1_161' title='bbox 1064 1990 1164 2056; x_wconf 89' lang='lat' dir='ltr'><strong>etiam</strong></span> <span class='ocrx_word' id='word_1_162' title='bbox 1177 2006 1201 2046; x_wconf 64' lang='grc' dir='ltr'><strong>ω</strong></span> 
     </span>
     <span class='ocr_line' id='line_1_22' title="bbox 157 2077 1165 2162; baseline 0 -18"><span class='ocrx_word' id='word_1_163' title='bbox 157 2078 408 2144; x_wconf 89' lang='lat' dir='ltr'><strong>contemnendos</strong></span> <span class='ocrx_word' id='word_1_164' title='bbox 432 2099 466 2142; x_wconf 88' lang='lat' dir='ltr'><strong>se</strong></span> <span class='ocrx_word' id='word_1_165' title='bbox 495 2077 712 2160; x_wconf 79' lang='lat' dir='ltr'><strong>arbitrantu13</strong></span> <span class='ocrx_word' id='word_1_166' title='bbox 745 2078 800 2160; x_wconf 89' lang='lat' dir='ltr'><strong>qui</strong></span> <span class='ocrx_word' id='word_1_167' title='bbox 831 2077 892 2141; x_wconf 90' lang='lat' dir='ltr'><strong>hac</strong></span> <span class='ocrx_word' id='word_1_168' title='bbox 920 2077 1071 2162; x_wconf 92' lang='lat' dir='ltr'><strong>opinione</strong></span> <span class='ocrx_word' id='word_1_169' title='bbox 1098 2099 1165 2144; x_wconf 91' lang='lat' dir='ltr'><strong>non</strong></span> 
     </span>
    </p>

    <p class='ocr_par' dir='ltr' id='par_1_6' title="bbox 103 2164 1165 2427">
     <span class='ocr_line' id='line_1_23' title="bbox 103 2164 1165 2249; baseline -0.002 -16"><span class='ocrx_word' id='word_1_170' title='bbox 103 2184 136 2235; x_wconf 73' lang='grc'><strong>73</strong></span> <span class='ocrx_word' id='word_1_171' title='bbox 156 2168 252 2232; x_wconf 91' lang='lat' dir='ltr'><strong>modo</strong></span> <span class='ocrx_word' id='word_1_172' title='bbox 276 2167 396 2249; x_wconf 81' lang='lat' dir='ltr'><strong>verbis,</strong></span> <span class='ocrx_word' id='word_1_173' title='bbox 421 2165 598 2230; x_wconf 89' lang='lat' dir='ltr'><strong>sedetiam</strong></span> <span class='ocrx_word' id='word_1_174' title='bbox 622 2187 717 2249; x_wconf 90' lang='lat' dir='ltr'><strong>opere</strong></span> <span class='ocrx_word' id='word_1_175' title='bbox 740 2165 869 2229; x_wconf 85' lang='lat' dir='ltr'><strong>levandi</strong></span> <span class='ocrx_word' id='word_1_176' title='bbox 893 2168 977 2229; x_wconf 88' lang='lat' dir='ltr'><strong>sunt.</strong></span> <span class='ocrx_word' id='word_1_177' title='bbox 1023 2164 1165 2231; x_wconf 87' lang='lat' dir='ltr'><strong>Tantum</strong></span> 
     </span>
     <span class='ocr_line' id='line_1_24' title="bbox 156 2253 1165 2338; baseline -0.001 -18"><span class='ocrx_word' id='word_1_178' title='bbox 156 2260 265 2321; x_wconf 87' lang='lat' dir='ltr'><strong>autem</strong></span> <span class='ocrx_word' id='word_1_179' title='bbox 289 2255 403 2338; x_wconf 90' lang='lat' dir='ltr'><strong>cuique</strong></span> <span class='ocrx_word' id='word_1_180' title='bbox 424 2253 641 2337; x_wconf 90' lang='lat' dir='ltr'><strong>tribuendum,</strong></span> <span class='ocrx_word' id='word_1_181' title='bbox 664 2253 804 2337; x_wconf 90' lang='lat' dir='ltr'><strong>primum</strong></span> <span class='ocrx_word' id='word_1_182' title='bbox 829 2253 1015 2335; x_wconf 90' lang='lat' dir='ltr'><strong>quantum</strong></span> <span class='ocrx_word' id='word_1_183' title='bbox 1006 2275 1076 2338; x_wconf 77' lang='lat' dir='ltr'><strong>ipse</strong></span> <span class='ocrx_word' id='word_1_184' title='bbox 1095 2254 1165 2319; x_wconf 88' lang='lat' dir='ltr'><strong>effi-</strong></span> 
     </span>
     <span class='ocr_line' id='line_1_25' title="bbox 156 2340 1164 2427; baseline -0.002 -18"><span class='ocrx_word' id='word_1_185' title='bbox 156 2365 227 2409; x_wconf 89' lang='lat' dir='ltr'><strong>cere</strong></span> <span class='ocrx_word' id='word_1_186' title='bbox 250 2342 370 2426; x_wconf 90' lang='lat' dir='ltr'><strong>possis‚</strong></span> <span class='ocrx_word' id='word_1_187' title='bbox 394 2340 563 2404; x_wconf 91' lang='lat' dir='ltr'><strong>deindet</strong></span> <span class='ocrx_word' id='word_1_188' title='bbox 531 2340 629 2404; x_wconf 92' lang='lat' dir='ltr'><strong>etiam</strong></span> <span class='ocrx_word' id='word_1_189' title='bbox 653 2344 809 2422; x_wconf 92' lang='lat' dir='ltr'><strong>quantum</strong></span> <span class='ocrx_word' id='word_1_190' title='bbox 832 2340 902 2424; x_wconf 89' lang='lat' dir='ltr'><strong>ille,</strong></span> <span class='ocrx_word' id='word_1_191' title='bbox 926 2363 1021 2425; x_wconf 91' lang='lat' dir='ltr'><strong>quem</strong></span> <span class='ocrx_word' id='word_1_192' title='bbox 1045 2341 1164 2427; x_wconf 85' lang='lat' dir='ltr'><strong>diligas</strong></span> 
     </span>
    </p>

    <p class='ocr_par' dir='ltr' id='par_1_7' title="bbox 122 2426 1204 2953">
     <span class='ocr_line' id='line_1_26' title="bbox 122 2426 1204 2514; baseline -0.007 -19"><span class='ocrx_word' id='word_1_193' title='bbox 122 2475 124 2478; x_wconf 54' lang='lat'>&lt;</span> <span class='ocrx_word' id='word_1_194' title='bbox 157 2435 253 2514; x_wconf 89' lang='lat' dir='ltr'><strong>atque</strong></span> <span class='ocrx_word' id='word_1_195' title='bbox 277 2429 418 2511; x_wconf 87' lang='lat' dir='ltr'><strong>adiuves,</strong></span> <span class='ocrx_word' id='word_1_196' title='bbox 442 2427 609 2492; x_wconf 88' lang='lat' dir='ltr'><strong>sustinere.</strong></span> <span class='ocrx_word' id='word_1_197' title='bbox 655 2426 731 2491; x_wconf 93' lang='lat' dir='ltr'><strong>Non</strong></span> <span class='ocrx_word' id='word_1_198' title='bbox 753 2428 839 2491; x_wconf 91' lang='lat' dir='ltr'><strong>enim</strong></span> <span class='ocrx_word' id='word_1_199' title='bbox 862 2450 966 2511; x_wconf 90' lang='lat' dir='ltr'><strong>neque</strong></span> <span class='ocrx_word' id='word_1_200' title='bbox 989 2432 1026 2493; x_wconf 90' lang='lat' dir='ltr'><strong>tu</strong></span> <span class='ocrx_word' id='word_1_201' title='bbox 1046 2430 1165 2514; x_wconf 86' lang='lat' dir='ltr'><strong>possis,</strong></span> <span class='ocrx_word' id='word_1_202' title='bbox 1178 2449 1204 2488; x_wconf 77' lang='lat' dir='ltr'><strong>aa</strong></span> 
     </span>
     <span class='ocr_line' id='line_1_27' title="bbox 157 2480 1166 2603; baseline 0 -20"><span class='ocrx_word' id='word_1_203' title='bbox 157 2518 305 2603; x_wconf 86' lang='lat' dir='ltr'><strong>quamvis</strong></span> <span class='ocrx_word' id='word_1_204' title='bbox 329 2480 477 2597; x_wconf 84' lang='lat' dir='ltr'><strong>excellas,</strong></span> <span class='ocrx_word' id='word_1_205' title='bbox 501 2536 612 2580; x_wconf 91' lang='lat' dir='ltr'><strong>omnes</strong></span> <span class='ocrx_word' id='word_1_206' title='bbox 632 2519 706 2580; x_wconf 89' lang='lat' dir='ltr'><strong>tuos</strong></span> <span class='ocrx_word' id='word_1_207' title='bbox 726 2516 767 2580; x_wconf 91' lang='lat' dir='ltr'><strong>ad</strong></span> <span class='ocrx_word' id='word_1_208' title='bbox 784 2516 924 2580; x_wconf 89' lang='lat' dir='ltr'><strong>honores</strong></span> <span class='ocrx_word' id='word_1_209' title='bbox 944 2517 1166 2600; x_wconf 87' lang='lat' dir='ltr'><strong>amplissimos</strong></span> 
     </span>
     <span class='ocr_line' id='line_1_28' title="bbox 156 2566 1166 2691; baseline -0.002 -20"><span class='ocrx_word' id='word_1_210' title='bbox 156 2607 337 2691; x_wconf 77' lang='lat' dir='ltr'><strong>perducere,</strong></span> <span class='ocrx_word' id='word_1_211' title='bbox 360 2608 397 2668; x_wconf 94' lang='lat' dir='ltr'><strong>ut</strong></span> <span class='ocrx_word' id='word_1_212' title='bbox 421 2566 527 2687; x_wconf 84' lang='lat' dir='ltr'><strong>Scipio</strong></span> <span class='ocrx_word' id='word_1_213' title='bbox 551 2603 586 2666; x_wconf 91' lang='lat' dir='ltr'><strong>P</strong></span> <span class='ocrx_word' id='word_1_214' title='bbox 608 2603 775 2688; x_wconf 93' lang='lat' dir='ltr'><strong>Rupilium</strong></span> <span class='ocrx_word' id='word_1_215' title='bbox 798 2604 906 2688; x_wconf 92' lang='lat' dir='ltr'><strong>potuit</strong></span> <span class='ocrx_word' id='word_1_216' title='bbox 929 2605 1095 2669; x_wconf 91' lang='lat' dir='ltr'><strong>consulem</strong></span> <span class='ocrx_word' id='word_1_217' title='bbox 1120 2605 1166 2671; x_wconf 83' lang='lat' dir='ltr'><strong>ef-</strong></span> 
     </span>
     <span class='ocr_line' id='line_1_29' title="bbox 156 2690 1166 2777; baseline -0.001 -18"><span class='ocrx_word' id='word_1_218' title='bbox 156 2696 260 2776; x_wconf 87' lang='lat' dir='ltr'><strong>ficere,</strong></span> <span class='ocrx_word' id='word_1_219' title='bbox 283 2693 421 2756; x_wconf 86' lang='lat' dir='ltr'><strong>fratrem</strong></span> <span class='ocrx_word' id='word_1_220' title='bbox 439 2691 556 2756; x_wconf 88' lang='lat' dir='ltr'><strong>eiusL.</strong></span> <span class='ocrx_word' id='word_1_221' title='bbox 575 2713 641 2756; x_wconf 90' lang='lat' dir='ltr'><strong>non</strong></span> <span class='ocrx_word' id='word_1_222' title='bbox 655 2691 770 2776; x_wconf 86' lang='lat' dir='ltr'><strong>potuit.</strong></span> <span class='ocrx_word' id='word_1_223' title='bbox 803 2690 925 2765; x_wconf 85' lang='lat' dir='ltr'><strong>Quodsi</strong></span> <span class='ocrx_word' id='word_1_224' title='bbox 944 2692 1043 2756; x_wconf 90' lang='lat' dir='ltr'><strong>etiam</strong></span> <span class='ocrx_word' id='word_1_225' title='bbox 1057 2693 1166 2777; x_wconf 88' lang='lat' dir='ltr'><strong>possis</strong></span> 
     </span>
     <span class='ocr_line' id='line_1_30' title="bbox 157 2743 1167 2866; baseline 0 -21"><span class='ocrx_word' id='word_1_226' title='bbox 157 2743 284 2866; x_wconf 86' lang='lat' dir='ltr'><strong>quidvis</strong></span> <span class='ocrx_word' id='word_1_227' title='bbox 308 2778 432 2844; x_wconf 89' lang='lat' dir='ltr'><strong>deferre</strong></span> <span class='ocrx_word' id='word_1_228' title='bbox 455 2779 496 2843; x_wconf 90' lang='lat' dir='ltr'><strong>ad</strong></span> <span class='ocrx_word' id='word_1_229' title='bbox 519 2780 667 2862; x_wconf 88' lang='lat' dir='ltr'><strong>alterum,</strong></span> <span class='ocrx_word' id='word_1_230' title='bbox 689 2779 861 2843; x_wconf 84' lang='lat' dir='ltr'><strong>videndum</strong></span> <span class='ocrx_word' id='word_1_231' title='bbox 880 2783 930 2843; x_wconf 89' lang='lat' dir='ltr'><strong>est</strong></span> <span class='ocrx_word' id='word_1_232' title='bbox 948 2783 1069 2864; x_wconf 85' lang='lat' dir='ltr'><strong>tamen,</strong></span> <span class='ocrx_word' id='word_1_233' title='bbox 1087 2781 1167 2865; x_wconf 89' lang='lat' dir='ltr'><strong>quid</strong></span> 
     </span>
     <span class='ocr_line' id='line_1_31' title="bbox 156 2867 1204 2953; baseline -0.005 -21"><span class='ocrx_word' id='word_1_234' title='bbox 156 2870 212 2934; x_wconf 91' lang='lat' dir='ltr'><strong>ille</strong></span> <span class='ocrx_word' id='word_1_235' title='bbox 236 2867 341 2953; x_wconf 90' lang='lat' dir='ltr'><strong>possit</strong></span> <span class='ocrx_word' id='word_1_236' title='bbox 364 2868 531 2932; x_wconf 87' lang='lat' dir='ltr'><strong>sustinere</strong></span> <span class='ocrx_word' id='word_1_237' title='bbox 1181 2885 1204 2927; x_wconf 84' lang='lat' dir='ltr'><strong>sc</strong></span> 
     </span>
    </p>

    <p class='ocr_par' dir='ltr' id='par_1_8' title="bbox 103 2954 1167 3041">
     <span class='ocr_line' id='line_1_32' title="bbox 103 2954 1167 3041; baseline -0.003 -16"><span class='ocrx_word' id='word_1_238' title='bbox 103 2974 137 3027; x_wconf 76' lang='lat'><strong>‘14</strong></span> <span class='ocrx_word' id='word_1_239' title='bbox 223 2956 361 3021; x_wconf 89' lang='lat' dir='ltr'><strong>Omnino</strong></span> <span class='ocrx_word' id='word_1_240' title='bbox 385 2956 546 3020; x_wconf 83' lang='lat' dir='ltr'><strong>amicitiae</strong></span> <span class='ocrx_word' id='word_1_241' title='bbox 570 2954 773 3020; x_wconf 88' lang='lat' dir='ltr'><strong>conroborat</strong></span> <span class='ocrx_word' id='word_1_242' title='bbox 765 2975 792 3018; x_wconf 92' lang='lat' dir='ltr'><strong>1s</strong></span> <span class='ocrx_word' id='word_1_243' title='bbox 811 2954 878 3020; x_wconf 91' lang='lat' dir='ltr'><strong>iam</strong></span> <span class='ocrx_word' id='word_1_244' title='bbox 900 2954 1167 3041; x_wconf 80' lang='lat' dir='ltr'><strong>confirmatisque</strong></span> 
     </span>
    </p>

    <p class='ocr_par' dir='ltr' id='par_1_9' title="bbox 155 3041 1204 3393">
     <span class='ocr_line' id='line_1_33' title="bbox 156 3041 1168 3130; baseline 0.001 -22.059"><span class='ocrx_word' id='word_1_245' title='bbox 156 3044 350 3130; x_wconf 84' lang='lat' dir='ltr'><strong>etingeniis</strong></span> <span class='ocrx_word' id='word_1_246' title='bbox 375 3048 408 3108; x_wconf 91' lang='lat' dir='ltr'><strong>et</strong></span> <span class='ocrx_word' id='word_1_247' title='bbox 431 3046 519 3108; x_wconf 89' lang='lat' dir='ltr'><strong>aetat</strong></span> <span class='ocrx_word' id='word_1_248' title='bbox 505 3043 592 3107; x_wconf 89' lang='lat' dir='ltr'><strong>tibus</strong></span> <span class='ocrx_word' id='word_1_249' title='bbox 620 3041 808 3108; x_wconf 87' lang='lat' dir='ltr'><strong>iudicandae</strong></span> <span class='ocrx_word' id='word_1_250' title='bbox 836 3047 925 3126; x_wconf 85' lang='lat' dir='ltr'><strong>sunt,</strong></span> <span class='ocrx_word' id='word_1_251' title='bbox 953 3065 1025 3126; x_wconf 89' lang='lat' dir='ltr'><strong>neo,</strong></span> <span class='ocrx_word' id='word_1_252' title='bbox 1058 3043 1168 3130; x_wconf 90' lang='lat' dir='ltr'><strong>siqui</strong></span> 
     </span>
     <span class='ocr_line' id='line_1_34' title="bbox 155 3093 1167 3216; baseline 0.001 -19"><span class='ocrx_word' id='word_1_253' title='bbox 155 3135 288 3197; x_wconf 88' lang='lat' dir='ltr'><strong>ineunte</strong></span> <span class='ocrx_word' id='word_1_254' title='bbox 312 3136 364 3196; x_wconf 87' lang='lat' dir='ltr'><strong>aet</strong></span> <span class='ocrx_word' id='word_1_255' title='bbox 350 3134 418 3196; x_wconf 90' lang='lat' dir='ltr'><strong>tate</strong></span> <span class='ocrx_word' id='word_1_256' title='bbox 441 3131 579 3197; x_wconf 82' lang='lat' dir='ltr'><strong>venandi</strong></span> <span class='ocrx_word' id='word_1_257' title='bbox 603 3134 660 3194; x_wconf 88' lang='lat' dir='ltr'><strong>aut</strong></span> <span class='ocrx_word' id='word_1_258' title='bbox 681 3130 767 3215; x_wconf 90' lang='lat' dir='ltr'><strong>pilae</strong></span> <span class='ocrx_word' id='word_1_259' title='bbox 792 3093 928 3195; x_wconf 88' lang='lat' dir='ltr'><strong>studiosi</strong></span> <span class='ocrx_word' id='word_1_260' title='bbox 946 3094 1087 3216; x_wconf 83' lang='lat' dir='ltr'><strong>fuerimt,</strong></span> <span class='ocrx_word' id='word_1_261' title='bbox 1111 3154 1167 3198; x_wconf 90' lang='lat' dir='ltr'><strong>eos</strong></span> 
     </span>
     <span class='ocr_line' id='line_1_35' title="bbox 155 3183 1167 3303; baseline 0.001 -19"><span class='ocrx_word' id='word_1_262' title='bbox 155 3220 276 3285; x_wconf 87' lang='lat' dir='ltr'><strong>habere</strong></span> <span class='ocrx_word' id='word_1_263' title='bbox 300 3219 508 3303; x_wconf 86' lang='lat' dir='ltr'><strong>necessarios,</strong></span> <span class='ocrx_word' id='word_1_264' title='bbox 532 3240 612 3303; x_wconf 91' lang='lat' dir='ltr'><strong>quos</strong></span> <span class='ocrx_word' id='word_1_265' title='bbox 636 3222 706 3283; x_wconf 90' lang='lat' dir='ltr'><strong>tum</strong></span> <span class='ocrx_word' id='word_1_266' title='bbox 730 3218 881 3283; x_wconf 91' lang='lat' dir='ltr'><strong>eodems</strong></span> <span class='ocrx_word' id='word_1_267' title='bbox 883 3219 973 3283; x_wconf 89' lang='lat' dir='ltr'><strong>tudio</strong></span> <span class='ocrx_word' id='word_1_268' title='bbox 999 3183 1167 3303; x_wconf 78' lang='lat' dir='ltr'><strong>praeditos</strong></span> 
     </span>
     <span class='ocr_line' id='line_1_36' title="bbox 156 3306 1204 3393; baseline -0.005 -22"><span class='ocrx_word' id='word_1_269' title='bbox 156 3307 347 3373; x_wconf 84' lang='lat' dir='ltr'><strong>dilexerunt.</strong></span> <span class='ocrx_word' id='word_1_270' title='bbox 379 3307 448 3373; x_wconf 91' lang='lat' dir='ltr'><strong>Isto</strong></span> <span class='ocrx_word' id='word_1_271' title='bbox 468 3307 553 3372; x_wconf 91' lang='lat' dir='ltr'><strong>enim</strong></span> <span class='ocrx_word' id='word_1_272' title='bbox 568 3306 663 3371; x_wconf 92' lang='lat' dir='ltr'><strong>modo</strong></span> <span class='ocrx_word' id='word_1_273' title='bbox 682 3306 876 3372; x_wconf 88' lang='lat' dir='ltr'><strong>nutriceset</strong></span> <span class='ocrx_word' id='word_1_274' title='bbox 895 3307 1107 3393; x_wconf 81' lang='lat' dir='ltr'><strong>paedagogi</strong></span> <span class='ocrx_word' id='word_1_275' title='bbox 1097 3329 1169 3373; x_wconf 84' lang='lat' dir='ltr'><strong>rure</strong></span> <span class='ocrx_word' id='word_1_276' title='bbox 1183 3326 1204 3366; x_wconf 85' lang='lat' dir='ltr'><strong>u</strong></span> 
     </span>
    </p>
   </div>
   <div class='ocr_carea' id='block_1_3' title="bbox 74 3393 1170 3764">
    <p class='ocr_par' dir='ltr' id='par_1_10' title="bbox 74 3393 1170 3764">
     <span class='ocr_line' id='line_1_37' title="bbox 154 3393 1170 3481; baseline 0.003 -22"><span class='ocrx_word' id='word_1_277' title='bbox 154 3397 331 3460; x_wconf 86' lang='lat' dir='ltr'><strong>vetustatis</strong></span> <span class='ocrx_word' id='word_1_278' title='bbox 364 3395 540 3480; x_wconf 85' lang='lat' dir='ltr'><strong>plurimum</strong></span> <span class='ocrx_word' id='word_1_279' title='bbox 572 3393 810 3459; x_wconf 81' lang='lat' dir='ltr'><strong>benivolentiae</strong></span> <span class='ocrx_word' id='word_1_280' title='bbox 845 3396 1075 3480; x_wconf 80' lang='lat' dir='ltr'><strong>postulabunt3</strong></span> <span class='ocrx_word' id='word_1_281' title='bbox 1112 3397 1170 3481; x_wconf 89' lang='lat' dir='ltr'><strong>qui</strong></span> 
     </span>
     <span class='ocr_line' id='line_1_38' title="bbox 74 3402 1169 3764; baseline 0.003 -217"><span class='ocrx_word' id='word_1_282' title='bbox 74 3402 350 3764; x_wconf 34' lang='lat' dir='ltr'><strong>*neglegendi</strong></span> <span class='ocrx_word' id='word_1_283' title='bbox 374 3483 501 3567; x_wconf 91' lang='lat' dir='ltr'><strong>quidem</strong></span> <span class='ocrx_word' id='word_1_284' title='bbox 524 3485 704 3565; x_wconf 79' lang='lat' dir='ltr'><strong>nunaunt,</strong></span> <span class='ocrx_word' id='word_1_285' title='bbox 733 3482 877 3548; x_wconf 81' lang='lat' dir='ltr'><strong>sedulio</strong></span> <span class='ocrx_word' id='word_1_286' title='bbox 906 3483 1047 3568; x_wconf 90' lang='lat' dir='ltr'><strong>quodam</strong></span> <span class='ocrx_word' id='word_1_287' title='bbox 1071 3485 1169 3550; x_wconf 92' lang='lat' dir='ltr'><strong>modo</strong></span> 
     </span>
    </p>
   </div>
   <div class='ocr_carea' id='block_1_4' title="bbox 0 0 1220 3990">
    <p class='ocr_par' dir='ltr' id='par_1_11' title="bbox 0 0 1220 3990">
     <span class='ocr_line' id='line_1_39' title="bbox 0 0 1220 3990; baseline 0 0"><span class='ocrx_word' id='word_1_288' title='bbox 0 0 1220 3990; x_wconf 95' lang='lat' dir='ltr'><strong> </strong></span> 
     </span>
    </p>
   </div>
  </div>
 </body>
</html>
