<?xml version="1.0" encoding="UTF-8"?>
<!DOCTYPE html PUBLIC "-//W3C//DTD XHTML 1.0 Transitional//EN"
    "http://www.w3.org/TR/xhtml1/DTD/xhtml1-transitional.dtd">
<html xmlns="http://www.w3.org/1999/xhtml" xml:lang="en" lang="en">
 <head>
  <title>
</title>
<meta http-equiv="Content-Type" content="text/html;charset=utf-8" />
  <meta name='ocr-system' content='tesseract 3.04.00' />
  <meta name='ocr-capabilities' content='ocr_page ocr_carea ocr_par ocr_line ocrx_word'/>
</head>
<body>
  <div class='ocr_page' id='page_1' title='image "./mtulliiciceroni42cicegoog/mtulliiciceroni42cicegoog_0087.png"; bbox 0 0 2430 3990; ppageno 0'>
   <div class='ocr_carea' id='block_1_1' title="bbox 155 157 771 223">
    <p class='ocr_par' dir='ltr' id='par_1_1' title="bbox 155 157 771 223">
     <span class='ocr_line' id='line_1_1' title="bbox 155 157 771 223; baseline 0.002 -12"><span class='ocrx_word' id='word_1_1' title='bbox 155 160 220 223; x_wconf 80' lang='grc'><strong>212</strong></span> <span class='ocrx_word' id='word_1_2' title='bbox 548 157 771 214; x_wconf 85' lang='lat' dir='ltr'><strong>PARADOXON</strong></span> 
     </span>
    </p>
   </div>
   <div class='ocr_carea' id='block_1_2' title="bbox 60 319 1205 3556">
    <p class='ocr_par' dir='ltr' id='par_1_2' title="bbox 60 319 1205 3556">
     <span class='ocr_line' id='line_1_2' title="bbox 154 319 1164 406; baseline 0.002 -22"><span class='ocrx_word' id='word_1_3' title='bbox 154 319 334 403; x_wconf 70' lang='lat' dir='ltr'><strong>molientes,</strong></span> <span class='ocrx_word' id='word_1_4' title='bbox 358 319 413 403; x_wconf 90' lang='lat' dir='ltr'><strong>qui</strong></span> <span class='ocrx_word' id='word_1_5' title='bbox 433 322 506 384; x_wconf 89' lang='lat' dir='ltr'><strong>tuas</strong></span> <span class='ocrx_word' id='word_1_6' title='bbox 526 321 708 385; x_wconf 83' lang='lat' dir='ltr'><strong>mercedum</strong></span> <span class='ocrx_word' id='word_1_7' title='bbox 726 320 894 404; x_wconf 77' lang='lat' dir='ltr'>pactiones</span> <span class='ocrx_word' id='word_1_8' title='bbox 912 321 946 384; x_wconf 93' lang='lat' dir='ltr'><strong>in</strong></span> <span class='ocrx_word' id='word_1_9' title='bbox 963 321 1164 406; x_wconf 69' lang='lat' dir='ltr'><strong>patrociniis,</strong></span> 
     </span>
     <span class='ocr_line' id='line_1_3' title="bbox 154 408 1164 495; baseline 0.002 -23"><span class='ocrx_word' id='word_1_10' title='bbox 154 409 177 490; x_wconf 91' lang='lat'><strong>†</strong></span> <span class='ocrx_word' id='word_1_11' title='bbox 200 408 372 473; x_wconf 87' lang='lat' dir='ltr'><strong>intercidas</strong></span> <span class='ocrx_word' id='word_1_12' title='bbox 395 408 604 492; x_wconf 85' lang='lat' dir='ltr'><strong>pecuniarum</strong></span> <span class='ocrx_word' id='word_1_13' title='bbox 631 409 663 472; x_wconf 93' lang='lat' dir='ltr'><strong>in</strong></span> <span class='ocrx_word' id='word_1_14' title='bbox 690 408 884 473; x_wconf 72' lang='lat' dir='ltr'><strong>coitionibus</strong></span> <span class='ocrx_word' id='word_1_15' title='bbox 908 409 1164 495; x_wconf 90' lang='lat' dir='ltr'><strong>candidatorum,</strong></span> 
     </span>
     <span class='ocr_line' id='line_1_4' title="bbox 155 496 1164 582; baseline -0.001 -19"><span class='ocrx_word' id='word_1_16' title='bbox 155 497 359 563; x_wconf 84' lang='lat' dir='ltr'><strong>dimissiones</strong></span> <span class='ocrx_word' id='word_1_17' title='bbox 387 496 579 561; x_wconf 90' lang='lat' dir='ltr'><strong>libertorum</strong></span> <span class='ocrx_word' id='word_1_18' title='bbox 607 497 648 561; x_wconf 90' lang='lat' dir='ltr'><strong>ad</strong></span> <span class='ocrx_word' id='word_1_19' title='bbox 676 496 925 561; x_wconf 79' lang='lat' dir='ltr'><strong>defaenerandas</strong></span> <span class='ocrx_word' id='word_1_20' title='bbox 954 497 1164 582; x_wconf 87' lang='lat' dir='ltr'><strong>diripiendas·</strong></span> 
     </span>
     <span class='ocr_line' id='line_1_5' title="bbox 156 584 1163 669; baseline 0 -19"><span class='ocrx_word' id='word_1_21' title='bbox 156 607 217 669; x_wconf 91' lang='lat' dir='ltr'><strong>que</strong></span> <span class='ocrx_word' id='word_1_22' title='bbox 240 584 440 669; x_wconf 80' lang='lat' dir='ltr'><strong>provincias,</strong></span> <span class='ocrx_word' id='word_1_23' title='bbox 464 585 518 667; x_wconf 92' lang='lat' dir='ltr'><strong>qui</strong></span> <span class='ocrx_word' id='word_1_24' title='bbox 542 585 746 669; x_wconf 84' lang='lat' dir='ltr'><strong>expulsiones</strong></span> <span class='ocrx_word' id='word_1_25' title='bbox 769 584 961 668; x_wconf 81' lang='lat' dir='ltr'><strong>vicinorum,</strong></span> <span class='ocrx_word' id='word_1_26' title='bbox 984 587 1040 669; x_wconf 92' lang='lat' dir='ltr'><strong>qui</strong></span> <span class='ocrx_word' id='word_1_27' title='bbox 1063 587 1163 651; x_wconf 89' lang='lat' dir='ltr'><strong>latro·</strong></span> 
     </span>
     <span class='ocr_line' id='line_1_6' title="bbox 155 672 1200 756; baseline -0.004 -18"><span class='ocrx_word' id='word_1_28' title='bbox 155 673 239 738; x_wconf 90' lang='lat' dir='ltr'><strong>cinia</strong></span> <span class='ocrx_word' id='word_1_29' title='bbox 257 673 291 736; x_wconf 90' lang='lat' dir='ltr'><strong>in</strong></span> <span class='ocrx_word' id='word_1_30' title='bbox 310 672 407 756; x_wconf 87' lang='lat' dir='ltr'><strong>agris,</strong></span> <span class='ocrx_word' id='word_1_31' title='bbox 426 672 481 755; x_wconf 92' lang='lat' dir='ltr'><strong>qui</strong></span> <span class='ocrx_word' id='word_1_32' title='bbox 500 694 572 736; x_wconf 92' lang='lat' dir='ltr'><strong>cum</strong></span> <span class='ocrx_word' id='word_1_33' title='bbox 592 673 702 756; x_wconf 84' lang='lat' dir='ltr'><strong>servis,</strong></span> <span class='ocrx_word' id='word_1_34' title='bbox 725 694 798 737; x_wconf 90' lang='lat' dir='ltr'><strong>cum</strong></span> <span class='ocrx_word' id='word_1_35' title='bbox 817 673 953 756; x_wconf 79' lang='lat' dir='ltr'><strong>libertis,</strong></span> <span class='ocrx_word' id='word_1_36' title='bbox 975 694 1049 738; x_wconf 90' lang='lat' dir='ltr'><strong>cum</strong></span> <span class='ocrx_word' id='word_1_37' title='bbox 1068 675 1164 740; x_wconf 91' lang='lat' dir='ltr'><strong>clien-</strong></span> <span class='ocrx_word' id='word_1_38' title='bbox 1188 693 1200 734; x_wconf 82' lang='lat' dir='ltr'><strong>s</strong></span> 
     </span>
     <span class='ocr_line' id='line_1_7' title="bbox 154 760 1164 847; baseline 0.002 -22"><span class='ocrx_word' id='word_1_39' title='bbox 154 761 243 825; x_wconf 92' lang='lat' dir='ltr'><strong>tibus</strong></span> <span class='ocrx_word' id='word_1_40' title='bbox 277 761 462 844; x_wconf 70' lang='lat' dir='ltr'><strong>societates,</strong></span> <span class='ocrx_word' id='word_1_41' title='bbox 499 761 554 842; x_wconf 92' lang='lat' dir='ltr'><strong>qui</strong></span> <span class='ocrx_word' id='word_1_42' title='bbox 585 760 806 844; x_wconf 89' lang='lat' dir='ltr'><strong>possessiones</strong></span> <span class='ocrx_word' id='word_1_43' title='bbox 837 781 970 845; x_wconf 84' lang='lat' dir='ltr'><strong>vacuas,</strong></span> <span class='ocrx_word' id='word_1_44' title='bbox 1003 761 1059 845; x_wconf 89' lang='lat' dir='ltr'><strong>qui</strong></span> <span class='ocrx_word' id='word_1_45' title='bbox 1090 783 1164 847; x_wconf 91' lang='lat' dir='ltr'><strong>pro·</strong></span> 
     </span>
     <span class='ocr_line' id='line_1_8' title="bbox 155 847 1165 934; baseline 0.002 -21"><span class='ocrx_word' id='word_1_46' title='bbox 155 847 347 932; x_wconf 87' lang='lat' dir='ltr'><strong>scriptiones</strong></span> <span class='ocrx_word' id='word_1_47' title='bbox 370 848 590 932; x_wconf 88' lang='lat' dir='ltr'><strong>locupletium,</strong></span> <span class='ocrx_word' id='word_1_48' title='bbox 614 849 670 931; x_wconf 91' lang='lat' dir='ltr'><strong>qui</strong></span> <span class='ocrx_word' id='word_1_49' title='bbox 694 848 805 912; x_wconf 92' lang='lat' dir='ltr'><strong>caedes</strong></span> <span class='ocrx_word' id='word_1_50' title='bbox 826 848 1084 933; x_wconf 87' lang='lat' dir='ltr'><strong>municipiorum,</strong></span> <span class='ocrx_word' id='word_1_51' title='bbox 1108 850 1165 934; x_wconf 91' lang='lat' dir='ltr'><strong>qui</strong></span> 
     </span>
     <span class='ocr_line' id='line_1_9' title="bbox 154 934 1164 1021; baseline 0.002 -21"><span class='ocrx_word' id='word_1_52' title='bbox 154 937 247 1001; x_wconf 89' lang='lat' dir='ltr'><strong>illam</strong></span> <span class='ocrx_word' id='word_1_53' title='bbox 270 934 396 1000; x_wconf 89' lang='lat' dir='ltr'><strong>Sullani</strong></span> <span class='ocrx_word' id='word_1_54' title='bbox 418 936 575 1020; x_wconf 85' lang='lat' dir='ltr'><strong>temporis</strong></span> <span class='ocrx_word' id='word_1_55' title='bbox 598 957 737 1000; x_wconf 92' lang='lat' dir='ltr'><strong>messem</strong></span> <span class='ocrx_word' id='word_1_56' title='bbox 759 936 957 1020; x_wconf 89' lang='lat' dir='ltr'><strong>recordetur,</strong></span> <span class='ocrx_word' id='word_1_57' title='bbox 986 937 1042 1021; x_wconf 89' lang='lat' dir='ltr'><strong>qui</strong></span> <span class='ocrx_word' id='word_1_58' title='bbox 1064 942 1164 1002; x_wconf 89' lang='lat' dir='ltr'><strong>testa-</strong></span> 
     </span>
     <span class='ocr_line' id='line_1_10' title="bbox 155 1023 1164 1109; baseline 0.001 -19"><span class='ocrx_word' id='word_1_59' title='bbox 155 1027 265 1090; x_wconf 88' lang='lat' dir='ltr'><strong>menta</strong></span> <span class='ocrx_word' id='word_1_60' title='bbox 284 1024 439 1108; x_wconf 89' lang='lat' dir='ltr'><strong>subiecta,</strong></span> <span class='ocrx_word' id='word_1_61' title='bbox 461 1027 513 1089; x_wconf 85' lang='lat' dir='ltr'><strong>tot</strong></span> <span class='ocrx_word' id='word_1_62' title='bbox 531 1024 587 1107; x_wconf 92' lang='lat' dir='ltr'><strong>qui</strong></span> <span class='ocrx_word' id='word_1_63' title='bbox 605 1024 752 1089; x_wconf 89' lang='lat' dir='ltr'><strong>sublatos</strong></span> <span class='ocrx_word' id='word_1_64' title='bbox 770 1023 928 1107; x_wconf 90' lang='lat' dir='ltr'><strong>homines,</strong></span> <span class='ocrx_word' id='word_1_65' title='bbox 952 1025 1007 1108; x_wconf 91' lang='lat' dir='ltr'><strong>qui</strong></span> <span class='ocrx_word' id='word_1_66' title='bbox 1025 1024 1164 1109; x_wconf 88' lang='lat' dir='ltr'><strong>denique</strong></span> 
     </span>
     <span class='ocr_line' id='line_1_11' title="bbox 155 1112 1202 1195; baseline -0.004 -17"><span class='ocrx_word' id='word_1_67' title='bbox 155 1112 263 1178; x_wconf 91' lang='lat' dir='ltr'><strong>omnia</strong></span> <span class='ocrx_word' id='word_1_68' title='bbox 286 1112 427 1195; x_wconf 86' lang='lat' dir='ltr'><strong>venalia,</strong></span> <span class='ocrx_word' id='word_1_69' title='bbox 451 1112 591 1176; x_wconf 90' lang='lat' dir='ltr'><strong>edictum</strong></span> <span class='ocrx_word' id='word_1_70' title='bbox 615 1113 791 1195; x_wconf 88' lang='lat' dir='ltr'><strong>decretum,</strong></span> <span class='ocrx_word' id='word_1_71' title='bbox 814 1112 954 1177; x_wconf 90' lang='lat' dir='ltr'><strong>alienam</strong></span> <span class='ocrx_word' id='word_1_72' title='bbox 977 1135 1069 1177; x_wconf 88' lang='lat' dir='ltr'><strong>suam</strong></span> <span class='ocrx_word' id='word_1_73' title='bbox 1093 1134 1202 1180; x_wconf 75' lang='lat' dir='ltr'><strong>sen-ro</strong></span> 
     </span>
     <span class='ocr_line' id='line_1_12' title="bbox 154 1199 1165 1285; baseline 0.002 -20"><span class='ocrx_word' id='word_1_74' title='bbox 154 1200 305 1283; x_wconf 89' lang='lat' dir='ltr'><strong>tentiam,</strong></span> <span class='ocrx_word' id='word_1_75' title='bbox 331 1200 438 1265; x_wconf 88' lang='lat' dir='ltr'><strong>forum</strong></span> <span class='ocrx_word' id='word_1_76' title='bbox 462 1199 606 1283; x_wconf 92' lang='lat' dir='ltr'><strong>domum,</strong></span> <span class='ocrx_word' id='word_1_77' title='bbox 632 1221 744 1265; x_wconf 84' lang='lat' dir='ltr'><strong>vocem</strong></span> <span class='ocrx_word' id='word_1_78' title='bbox 768 1200 946 1264; x_wconf 89' lang='lat' dir='ltr'><strong>silentium:</strong></span> <span class='ocrx_word' id='word_1_79' title='bbox 977 1201 1049 1285; x_wconf 91' lang='lat' dir='ltr'><strong>quis</strong></span> <span class='ocrx_word' id='word_1_80' title='bbox 1077 1202 1165 1268; x_wconf 90' lang='lat' dir='ltr'><strong>hunc</strong></span> 
     </span>
     <span class='ocr_line' id='line_1_13' title="bbox 154 1287 1165 1373; baseline 0.003 -21"><span class='ocrx_word' id='word_1_81' title='bbox 154 1310 220 1354; x_wconf 90' lang='lat' dir='ltr'><strong>non</strong></span> <span class='ocrx_word' id='word_1_82' title='bbox 250 1292 344 1372; x_wconf 91' lang='lat' dir='ltr'><strong>putet</strong></span> <span class='ocrx_word' id='word_1_83' title='bbox 375 1287 522 1352; x_wconf 88' lang='lat' dir='ltr'><strong>confiteri</strong></span> <span class='ocrx_word' id='word_1_84' title='bbox 558 1287 621 1351; x_wconf 89' lang='lat' dir='ltr'><strong>sibi</strong></span> <span class='ocrx_word' id='word_1_85' title='bbox 658 1288 804 1372; x_wconf 92' lang='lat' dir='ltr'><strong>quaesito</strong></span> <span class='ocrx_word' id='word_1_86' title='bbox 841 1309 922 1373; x_wconf 90' lang='lat' dir='ltr'><strong>opus</strong></span> <span class='ocrx_word' id='word_1_87' title='bbox 955 1290 1047 1353; x_wconf 80' lang='lat' dir='ltr'><strong>esso?</strong></span> <span class='ocrx_word' id='word_1_88' title='bbox 1103 1287 1165 1355; x_wconf 82' lang='lat' dir='ltr'><strong>Oui</strong></span> 
     </span>
     <span class='ocr_line' id='line_1_14' title="bbox 156 1376 1164 1460; baseline 0.002 -19"><span class='ocrx_word' id='word_1_89' title='bbox 156 1376 302 1460; x_wconf 89' lang='lat' dir='ltr'><strong>quaesito</strong></span> <span class='ocrx_word' id='word_1_90' title='bbox 336 1378 445 1439; x_wconf 88' lang='lat' dir='ltr'><strong>autem</strong></span> <span class='ocrx_word' id='word_1_91' title='bbox 473 1397 554 1460; x_wconf 91' lang='lat' dir='ltr'><strong>opus</strong></span> <span class='ocrx_word' id='word_1_92' title='bbox 585 1376 641 1460; x_wconf 91' lang='lat' dir='ltr'><strong>sit,</strong></span> <span class='ocrx_word' id='word_1_93' title='bbox 681 1376 753 1458; x_wconf 90' lang='lat' dir='ltr'><strong>quis</strong></span> <span class='ocrx_word' id='word_1_94' title='bbox 784 1398 938 1459; x_wconf 90' lang='lat' dir='ltr'><strong>umquam</strong></span> <span class='ocrx_word' id='word_1_95' title='bbox 969 1376 1056 1442; x_wconf 92' lang='lat' dir='ltr'><strong>hunc</strong></span> <span class='ocrx_word' id='word_1_96' title='bbox 1087 1399 1164 1444; x_wconf 79' lang='lat' dir='ltr'><strong>vere</strong></span> 
     </span>
     <span class='ocr_line' id='line_1_15' title="bbox 103 1463 1165 1530; baseline 0 0"><span class='ocrx_word' id='word_1_97' title='bbox 103 1483 135 1530; x_wconf 77' lang='lat'><strong>47</strong></span> <span class='ocrx_word' id='word_1_98' title='bbox 155 1464 272 1528; x_wconf 87' lang='lat' dir='ltr'><strong>dixerit</strong></span> <span class='ocrx_word' id='word_1_99' title='bbox 303 1463 458 1529; x_wconf 78' lang='lat' dir='ltr'><strong>divitem?</strong></span> <span class='ocrx_word' id='word_1_100' title='bbox 507 1463 637 1527; x_wconf 83' lang='lat' dir='ltr'><strong>Etenim</strong></span> <span class='ocrx_word' id='word_1_101' title='bbox 671 1464 857 1528; x_wconf 84' lang='lat' dir='ltr'><strong>divitiarum</strong></span> <span class='ocrx_word' id='word_1_102' title='bbox 890 1468 941 1528; x_wconf 91' lang='lat' dir='ltr'><strong>est</strong></span> <span class='ocrx_word' id='word_1_103' title='bbox 970 1464 1096 1530; x_wconf 89' lang='lat' dir='ltr'><strong>fructus</strong></span> <span class='ocrx_word' id='word_1_104' title='bbox 1128 1466 1165 1530; x_wconf 91' lang='lat' dir='ltr'><strong>in</strong></span> 
     </span>
     <span class='ocr_line' id='line_1_16' title="bbox 155 1552 1200 1638; baseline -0.004 -20"><span class='ocrx_word' id='word_1_105' title='bbox 155 1553 260 1638; x_wconf 89' lang='lat' dir='ltr'><strong>copia,</strong></span> <span class='ocrx_word' id='word_1_106' title='bbox 293 1553 419 1636; x_wconf 89' lang='lat' dir='ltr'><strong>copiam</strong></span> <span class='ocrx_word' id='word_1_107' title='bbox 452 1556 560 1616; x_wconf 90' lang='lat' dir='ltr'><strong>autem</strong></span> <span class='ocrx_word' id='word_1_108' title='bbox 593 1552 736 1617; x_wconf 89' lang='lat' dir='ltr'><strong>declarat</strong></span> <span class='ocrx_word' id='word_1_109' title='bbox 766 1553 900 1616; x_wconf 87' lang='lat' dir='ltr'><strong>satietas</strong></span> <span class='ocrx_word' id='word_1_110' title='bbox 927 1573 1035 1617; x_wconf 88' lang='lat' dir='ltr'><strong>rerum</strong></span> <span class='ocrx_word' id='word_1_111' title='bbox 1063 1556 1162 1638; x_wconf 88' lang='lat' dir='ltr'><strong>atque</strong></span> <span class='ocrx_word' id='word_1_112' title='bbox 1176 1571 1200 1614; x_wconf 83' lang='lat' dir='ltr'><strong>u</strong></span> 
     </span>
     <span class='ocr_line' id='line_1_17' title="bbox 129 1640 1163 1726; baseline 0.005 -25"><span class='ocrx_word' id='word_1_113' title='bbox 129 1640 367 1724; x_wconf 89' lang='lat' dir='ltr'><strong>.abundantia;</strong></span> <span class='ocrx_word' id='word_1_114' title='bbox 400 1662 497 1722; x_wconf 88' lang='lat' dir='ltr'><strong>quam</strong></span> <span class='ocrx_word' id='word_1_115' title='bbox 528 1644 565 1704; x_wconf 91' lang='lat' dir='ltr'><strong>tu</strong></span> <span class='ocrx_word' id='word_1_116' title='bbox 593 1641 746 1724; x_wconf 87' lang='lat' dir='ltr'><strong>quoniam</strong></span> <span class='ocrx_word' id='word_1_117' title='bbox 772 1661 950 1723; x_wconf 89' lang='lat' dir='ltr'><strong>numquam</strong></span> <span class='ocrx_word' id='word_1_118' title='bbox 977 1640 1163 1726; x_wconf 75' lang='lat' dir='ltr'><strong>adsequens,</strong></span> 
     </span>
     <span class='ocr_line' id='line_1_18' title="bbox 153 1728 1163 1811; baseline 0.001 -18"><span class='ocrx_word' id='word_1_119' title='bbox 153 1750 331 1811; x_wconf 87' lang='lat' dir='ltr'><strong>numquam</strong></span> <span class='ocrx_word' id='word_1_120' title='bbox 364 1728 494 1792; x_wconf 92' lang='lat' dir='ltr'><strong>omnino</strong></span> <span class='ocrx_word' id='word_1_121' title='bbox 528 1750 562 1792; x_wconf 92' lang='lat' dir='ltr'><strong>es</strong></span> <span class='ocrx_word' id='word_1_122' title='bbox 595 1729 683 1793; x_wconf 88' lang='lat' dir='ltr'><strong>dives</strong></span> <span class='ocrx_word' id='word_1_123' title='bbox 716 1728 854 1792; x_wconf 86' lang='lat' dir='ltr'><strong>futurus.</strong></span> <span class='ocrx_word' id='word_1_124' title='bbox 908 1728 1015 1793; x_wconf 88' lang='lat' dir='ltr'><strong>Meam</strong></span> <span class='ocrx_word' id='word_1_125' title='bbox 1052 1733 1163 1794; x_wconf 89' lang='lat' dir='ltr'><strong>autem</strong></span> 
     </span>
     <span class='ocr_line' id='line_1_19' title="bbox 155 1814 1164 1900; baseline 0.001 -20"><span class='ocrx_word' id='word_1_126' title='bbox 155 1816 307 1900; x_wconf 89' lang='lat' dir='ltr'><strong>quoniam</strong></span> <span class='ocrx_word' id='word_1_127' title='bbox 329 1816 498 1900; x_wconf 91' lang='lat' dir='ltr'><strong>pecuniam</strong></span> <span class='ocrx_word' id='word_1_128' title='bbox 526 1816 718 1898; x_wconf 90' lang='lat' dir='ltr'><strong>contemnis,</strong></span> <span class='ocrx_word' id='word_1_129' title='bbox 746 1821 779 1879; x_wconf 90' lang='lat' dir='ltr'><strong>et</strong></span> <span class='ocrx_word' id='word_1_130' title='bbox 806 1819 893 1881; x_wconf 88' lang='lat' dir='ltr'><strong>recte</strong></span> <span class='ocrx_word' id='word_1_131' title='bbox 915 1814 981 1900; x_wconf 90' lang='lat' dir='ltr'><strong>(est</strong></span> <span class='ocrx_word' id='word_1_132' title='bbox 1007 1817 1093 1881; x_wconf 92' lang='lat' dir='ltr'><strong>enim</strong></span> <span class='ocrx_word' id='word_1_133' title='bbox 1122 1817 1164 1882; x_wconf 86' lang='lat' dir='ltr'><strong>ad</strong></span> 
     </span>
     <span class='ocr_line' id='line_1_20' title="bbox 154 1904 1162 1990; baseline 0.003 -22"><span class='ocrx_word' id='word_1_134' title='bbox 154 1904 245 1990; x_wconf 83' lang='lat' dir='ltr'><strong>volgi</strong></span> <span class='ocrx_word' id='word_1_135' title='bbox 269 1904 453 1989; x_wconf 90' lang='lat' dir='ltr'><strong>opinionem</strong></span> <span class='ocrx_word' id='word_1_136' title='bbox 476 1904 658 1986; x_wconf 89' lang='lat' dir='ltr'><strong>mediocris,</strong></span> <span class='ocrx_word' id='word_1_137' title='bbox 682 1904 722 1967; x_wconf 88' lang='lat' dir='ltr'><strong>ad</strong></span> <span class='ocrx_word' id='word_1_138' title='bbox 745 1907 835 1967; x_wconf 89' lang='lat' dir='ltr'><strong>tuam</strong></span> <span class='ocrx_word' id='word_1_139' title='bbox 858 1904 963 1986; x_wconf 88' lang='lat' dir='ltr'><strong>nulla,</strong></span> <span class='ocrx_word' id='word_1_140' title='bbox 991 1904 1033 1969; x_wconf 91' lang='lat' dir='ltr'><strong>ad</strong></span> <span class='ocrx_word' id='word_1_141' title='bbox 1055 1926 1162 1971; x_wconf 88' lang='lat' dir='ltr'><strong>meam</strong></span> 
     </span>
     <span class='ocr_line' id='line_1_21' title="bbox 102 1990 1198 2079; baseline -0.002 -19"><span class='ocrx_word' id='word_1_142' title='bbox 102 1990 309 2079; x_wconf 69' lang='lat' dir='ltr'><strong>semodios),</strong></span> <span class='ocrx_word' id='word_1_143' title='bbox 342 1993 380 2056; x_wconf 93' lang='lat' dir='ltr'><strong>de</strong></span> <span class='ocrx_word' id='word_1_144' title='bbox 412 2014 463 2056; x_wconf 92' lang='lat' dir='ltr'><strong>me</strong></span> <span class='ocrx_word' id='word_1_145' title='bbox 491 1992 608 2076; x_wconf 90' lang='lat' dir='ltr'><strong>silebo,</strong></span> <span class='ocrx_word' id='word_1_146' title='bbox 640 1992 679 2057; x_wconf 88' lang='lat' dir='ltr'><strong>de</strong></span> <span class='ocrx_word' id='word_1_147' title='bbox 706 2013 741 2055; x_wconf 88' lang='lat' dir='ltr'><strong>re</strong></span> <span class='ocrx_word' id='word_1_148' title='bbox 769 1993 892 2075; x_wconf 87' lang='lat' dir='ltr'><strong>loquar.</strong></span> <span class='ocrx_word' id='word_1_149' title='bbox 938 1990 973 2056; x_wconf 84' lang='lat' dir='ltr'><strong>si</strong></span> <span class='ocrx_word' id='word_1_150' title='bbox 1002 1994 1198 2058; x_wconf 77' lang='lat' dir='ltr'><strong>censendas</strong></span> 
     </span>
     <span class='ocr_line' id='line_1_22' title="bbox 153 2081 1161 2166; baseline 0.001 -20"><span class='ocrx_word' id='word_1_151' title='bbox 153 2081 247 2146; x_wconf 92' lang='lat' dir='ltr'><strong>nobis</strong></span> <span class='ocrx_word' id='word_1_152' title='bbox 271 2081 315 2146; x_wconf 87' lang='lat' dir='ltr'><strong>sit</strong></span> <span class='ocrx_word' id='word_1_153' title='bbox 338 2085 436 2164; x_wconf 88' lang='lat' dir='ltr'><strong>atque</strong></span> <span class='ocrx_word' id='word_1_154' title='bbox 459 2081 660 2145; x_wconf 89' lang='lat' dir='ltr'><strong>aestimanda</strong></span> <span class='ocrx_word' id='word_1_155' title='bbox 682 2101 748 2164; x_wconf 90' lang='lat' dir='ltr'><strong>res,</strong></span> <span class='ocrx_word' id='word_1_156' title='bbox 770 2084 880 2144; x_wconf 92' lang='lat' dir='ltr'><strong>utrum</strong></span> <span class='ocrx_word' id='word_1_157' title='bbox 903 2081 1034 2144; x_wconf 89' lang='lat' dir='ltr'><strong>tandem</strong></span> <span class='ocrx_word' id='word_1_158' title='bbox 1057 2082 1161 2166; x_wconf 88' lang='lat' dir='ltr'><strong>pluris</strong></span> 
     </span>
     <span class='ocr_line' id='line_1_23' title="bbox 154 2167 1162 2253; baseline 0.001 -19"><span class='ocrx_word' id='word_1_159' title='bbox 154 2169 361 2234; x_wconf 89' lang='lat' dir='ltr'><strong>aestimemus</strong></span> <span class='ocrx_word' id='word_1_160' title='bbox 379 2169 549 2253; x_wconf 90' lang='lat' dir='ltr'><strong>pecuniam</strong></span> <span class='ocrx_word' id='word_1_161' title='bbox 562 2168 689 2252; x_wconf 89' lang='lat' dir='ltr'><strong>Pyrrhi,</strong></span> <span class='ocrx_word' id='word_1_162' title='bbox 709 2190 805 2252; x_wconf 88' lang='lat' dir='ltr'><strong>quam</strong></span> <span class='ocrx_word' id='word_1_163' title='bbox 818 2167 968 2233; x_wconf 85' lang='lat' dir='ltr'><strong>Fabricio</strong></span> <span class='ocrx_word' id='word_1_164' title='bbox 988 2169 1097 2252; x_wconf 88' lang='lat' dir='ltr'><strong>dabat,</strong></span> <span class='ocrx_word' id='word_1_165' title='bbox 1120 2192 1162 2235; x_wconf 88' lang='lat' dir='ltr'><strong>an</strong></span> 
     </span>
     <span class='ocr_line' id='line_1_24' title="bbox 153 2255 1161 2341; baseline 0.001 -19"><span class='ocrx_word' id='word_1_166' title='bbox 153 2257 387 2322; x_wconf 89' lang='lat' dir='ltr'><strong>continentiam</strong></span> <span class='ocrx_word' id='word_1_167' title='bbox 404 2255 543 2339; x_wconf 86' lang='lat' dir='ltr'><strong>Fabrici,</strong></span> <span class='ocrx_word' id='word_1_168' title='bbox 569 2257 625 2339; x_wconf 92' lang='lat' dir='ltr'><strong>qui</strong></span> <span class='ocrx_word' id='word_1_169' title='bbox 646 2256 740 2320; x_wconf 90' lang='lat' dir='ltr'><strong>illam</strong></span> <span class='ocrx_word' id='word_1_170' title='bbox 758 2257 928 2341; x_wconf 90' lang='lat' dir='ltr'><strong>pecuniam</strong></span> <span class='ocrx_word' id='word_1_171' title='bbox 945 2257 1161 2341; x_wconf 78' lang='lat' dir='ltr'><strong>repudiabat?</strong></span> 
     </span>
     <span class='ocr_line' id='line_1_25' title="bbox 153 2341 1161 2428; baseline 0.001 -19"><span class='ocrx_word' id='word_1_172' title='bbox 153 2349 264 2409; x_wconf 87' lang='lat' dir='ltr'><strong>utrum</strong></span> <span class='ocrx_word' id='word_1_173' title='bbox 280 2367 395 2409; x_wconf 84' lang='lat' dir='ltr'><strong>aarum</strong></span> <span class='ocrx_word' id='word_1_174' title='bbox 413 2341 596 2408; x_wconf 82' lang='lat' dir='ltr'><strong>Samnitum</strong></span> <span class='ocrx_word' id='word_1_175' title='bbox 615 2366 657 2408; x_wconf 88' lang='lat' dir='ltr'><strong>an</strong></span> <span class='ocrx_word' id='word_1_176' title='bbox 674 2365 866 2428; x_wconf 91' lang='lat' dir='ltr'><strong>responsum</strong></span> <span class='ocrx_word' id='word_1_177' title='bbox 884 2345 936 2409; x_wconf 88' lang='grc' dir='ltr'><strong>Μ’.</strong></span> <span class='ocrx_word' id='word_1_178' title='bbox 955 2343 1053 2410; x_wconf 76' lang='lat' dir='ltr'><strong>Curi?</strong></span> <span class='ocrx_word' id='word_1_179' title='bbox 1071 2345 1161 2410; x_wconf 79' lang='lat' dir='ltr'><strong>here</strong></span> 
     </span>
     <span class='ocr_line' id='line_1_26' title="bbox 154 2431 1195 2517; baseline 0.003 -21"><span class='ocrx_word' id='word_1_180' title='bbox 154 2433 289 2497; x_wconf 85' lang='lat' dir='ltr'><strong>ditatam</strong></span> <span class='ocrx_word' id='word_1_181' title='bbox 298 2431 332 2496; x_wconf 90' lang='lat' dir='ltr'><strong>L.</strong></span> <span class='ocrx_word' id='word_1_182' title='bbox 342 2431 437 2496; x_wconf 91' lang='lat' dir='ltr'><strong>Pauli</strong></span> <span class='ocrx_word' id='word_1_183' title='bbox 451 2453 493 2496; x_wconf 91' lang='lat' dir='ltr'><strong>an</strong></span> <span class='ocrx_word' id='word_1_184' title='bbox 505 2432 736 2496; x_wconf 90' lang='lat' dir='ltr'><strong>liberalitatem</strong></span> <span class='ocrx_word' id='word_1_185' title='bbox 750 2432 905 2516; x_wconf 86' lang='lat' dir='ltr'><strong>Africani,</strong></span> <span class='ocrx_word' id='word_1_186' title='bbox 920 2433 975 2517; x_wconf 89' lang='lat' dir='ltr'><strong>qui</strong></span> <span class='ocrx_word' id='word_1_187' title='bbox 989 2432 1057 2497; x_wconf 91' lang='lat' dir='ltr'><strong>eius</strong></span> <span class='ocrx_word' id='word_1_188' title='bbox 1071 2433 1161 2499; x_wconf 77' lang='lat' dir='ltr'><strong>here</strong></span> <span class='ocrx_word' id='word_1_189' title='bbox 1173 2447 1195 2490; x_wconf 77' lang='lat'><strong>2⁶</strong></span> 
     </span>
     <span class='ocr_line' id='line_1_27' title="bbox 154 2519 1161 2604; baseline 0.003 -19"><span class='ocrx_word' id='word_1_190' title='bbox 154 2520 265 2585; x_wconf 90' lang='lat' dir='ltr'><strong>ditatis</strong></span> <span class='ocrx_word' id='word_1_191' title='bbox 281 2519 317 2595; x_wconf 80' lang='lat' dir='ltr'><strong>Q.</strong></span> <span class='ocrx_word' id='word_1_192' title='bbox 330 2519 472 2584; x_wconf 85' lang='lat' dir='ltr'><strong>Maximo</strong></span> <span class='ocrx_word' id='word_1_193' title='bbox 490 2519 586 2584; x_wconf 88' lang='lat' dir='ltr'><strong>fratri</strong></span> <span class='ocrx_word' id='word_1_194' title='bbox 603 2524 731 2604; x_wconf 88' lang='lat' dir='ltr'><strong>partem</strong></span> <span class='ocrx_word' id='word_1_195' title='bbox 751 2541 842 2585; x_wconf 89' lang='lat' dir='ltr'><strong>suam</strong></span> <span class='ocrx_word' id='word_1_196' title='bbox 861 2521 1041 2586; x_wconf 78' lang='lat' dir='ltr'><strong>concessit?</strong></span> <span class='ocrx_word' id='word_1_197' title='bbox 1070 2520 1161 2588; x_wconf 83' lang='lat' dir='ltr'><strong>Haec</strong></span> 
     </span>
     <span class='ocr_line' id='line_1_28' title="bbox 152 2608 1160 2694; baseline 0.002 -21"><span class='ocrx_word' id='word_1_198' title='bbox 152 2609 307 2694; x_wconf 82' lang='lat' dir='ltr'><strong>prolecto,</strong></span> <span class='ocrx_word' id='word_1_199' title='bbox 331 2630 413 2692; x_wconf 88' lang='lat' dir='ltr'><strong>quae</strong></span> <span class='ocrx_word' id='word_1_200' title='bbox 436 2612 512 2672; x_wconf 89' lang='lat' dir='ltr'><strong>sunt</strong></span> <span class='ocrx_word' id='word_1_201' title='bbox 535 2630 734 2672; x_wconf 89' lang='lat' dir='ltr'><strong>summarum</strong></span> <span class='ocrx_word' id='word_1_202' title='bbox 751 2608 918 2693; x_wconf 87' lang='lat' dir='ltr'><strong>virtutum,</strong></span> <span class='ocrx_word' id='word_1_203' title='bbox 940 2609 1045 2693; x_wconf 90' lang='lat' dir='ltr'><strong>pluris</strong></span> <span class='ocrx_word' id='word_1_204' title='bbox 1064 2610 1160 2675; x_wconf 88' lang='lat' dir='ltr'><strong>aesti-</strong></span> 
     </span>
     <span class='ocr_line' id='line_1_29' title="bbox 153 2696 1160 2784; baseline 0.002 -24"><span class='ocrx_word' id='word_1_205' title='bbox 153 2696 271 2760; x_wconf 90' lang='lat' dir='ltr'><strong>manda</strong></span> <span class='ocrx_word' id='word_1_206' title='bbox 295 2700 371 2760; x_wconf 89' lang='lat' dir='ltr'><strong>sunt</strong></span> <span class='ocrx_word' id='word_1_207' title='bbox 394 2718 490 2780; x_wconf 90' lang='lat' dir='ltr'><strong>quam</strong></span> <span class='ocrx_word' id='word_1_208' title='bbox 513 2696 581 2780; x_wconf 90' lang='lat' dir='ltr'><strong>illa,</strong></span> <span class='ocrx_word' id='word_1_209' title='bbox 605 2718 687 2780; x_wconf 89' lang='lat' dir='ltr'><strong>quac</strong></span> <span class='ocrx_word' id='word_1_210' title='bbox 710 2700 786 2761; x_wconf 87' lang='lat' dir='ltr'><strong>sunt</strong></span> <span class='ocrx_word' id='word_1_211' title='bbox 804 2697 967 2781; x_wconf 90' lang='lat' dir='ltr'><strong>pecuniae.</strong></span> <span class='ocrx_word' id='word_1_212' title='bbox 1004 2696 1083 2772; x_wconf 80' lang='lat' dir='ltr'><strong>Quis</strong></span> <span class='ocrx_word' id='word_1_213' title='bbox 1100 2698 1160 2784; x_wconf 82' lang='lat' dir='ltr'><strong>igi·</strong></span> 
     </span>
     <span class='ocr_line' id='line_1_30' title="bbox 153 2784 1169 2870; baseline 0.003 -22"><span class='ocrx_word' id='word_1_214' title='bbox 153 2789 215 2868; x_wconf 90' lang='lat' dir='ltr'><strong>tur,</strong></span> <span class='ocrx_word' id='word_1_215' title='bbox 239 2784 405 2868; x_wconf 90' lang='lat' dir='ltr'><strong>siquidem,</strong></span> <span class='ocrx_word' id='word_1_216' title='bbox 428 2789 465 2848; x_wconf 92' lang='lat' dir='ltr'><strong>ut</strong></span> <span class='ocrx_word' id='word_1_217' title='bbox 489 2784 633 2868; x_wconf 90' lang='lat' dir='ltr'><strong>quisque,</strong></span> <span class='ocrx_word' id='word_1_218' title='bbox 656 2784 742 2868; x_wconf 92' lang='lat' dir='ltr'><strong>quod</strong></span> <span class='ocrx_word' id='word_1_219' title='bbox 760 2785 892 2868; x_wconf 89' lang='lat' dir='ltr'><strong>plurimi</strong></span> <span class='ocrx_word' id='word_1_220' title='bbox 910 2784 963 2868; x_wconf 89' lang='lat' dir='ltr'><strong>sit,</strong></span> <span class='ocrx_word' id='word_1_221' title='bbox 985 2785 1169 2870; x_wconf 86' lang='lat' dir='ltr'><strong>possideat,-</strong></span> 
     </span>
     <span class='ocr_line' id='line_1_31' title="bbox 152 2872 1195 2957; baseline 0.002 -21"><span class='ocrx_word' id='word_1_222' title='bbox 152 2873 201 2937; x_wconf 91' lang='lat' dir='ltr'><strong>ita</strong></span> <span class='ocrx_word' id='word_1_223' title='bbox 224 2872 437 2937; x_wconf 88' lang='lat' dir='ltr'><strong>divitissimus</strong></span> <span class='ocrx_word' id='word_1_224' title='bbox 456 2872 623 2937; x_wconf 91' lang='lat' dir='ltr'><strong>habendus</strong></span> <span class='ocrx_word' id='word_1_225' title='bbox 647 2874 700 2957; x_wconf 87' lang='lat' dir='ltr'><strong>sit,</strong></span> <span class='ocrx_word' id='word_1_226' title='bbox 723 2873 858 2956; x_wconf 88' lang='lat' dir='ltr'><strong>dubitet,</strong></span> <span class='ocrx_word' id='word_1_227' title='bbox 881 2873 960 2956; x_wconf 90' lang='lat' dir='ltr'><strong>quin</strong></span> <span class='ocrx_word' id='word_1_228' title='bbox 981 2872 1015 2936; x_wconf 93' lang='lat' dir='ltr'><strong>in</strong></span> <span class='ocrx_word' id='word_1_229' title='bbox 1038 2873 1160 2938; x_wconf 85' lang='lat' dir='ltr'><strong>virtuto</strong></span> <span class='ocrx_word' id='word_1_230' title='bbox 1173 2890 1195 2931; x_wconf 76' lang='lat' dir='ltr'><strong>tl</strong></span> 
     </span>
     <span class='ocr_line' id='line_1_32' title="bbox 154 2960 1162 3045; baseline 0.003 -21"><span class='ocrx_word' id='word_1_231' title='bbox 154 2961 286 3026; x_wconf 82' lang='lat' dir='ltr'><strong>divitiae</strong></span> <span class='ocrx_word' id='word_1_232' title='bbox 309 2961 396 3025; x_wconf 83' lang='lat' dir='ltr'><strong>sint?</strong></span> <span class='ocrx_word' id='word_1_233' title='bbox 421 2960 573 3044; x_wconf 90' lang='lat' dir='ltr'><strong>quoniam</strong></span> <span class='ocrx_word' id='word_1_234' title='bbox 596 2961 686 3025; x_wconf 90' lang='lat' dir='ltr'><strong>nulla</strong></span> <span class='ocrx_word' id='word_1_235' title='bbox 708 2961 880 3045; x_wconf 89' lang='lat' dir='ltr'><strong>possessio,</strong></span> <span class='ocrx_word' id='word_1_236' title='bbox 902 2961 995 3026; x_wconf 90' lang='lat' dir='ltr'><strong>nulla</strong></span> <span class='ocrx_word' id='word_1_237' title='bbox 1016 2961 1066 3026; x_wconf 80' lang='lat' dir='ltr'><strong>vis</strong></span> <span class='ocrx_word' id='word_1_238' title='bbox 1091 2961 1162 3027; x_wconf 90' lang='lat' dir='ltr'><strong>auri</strong></span> 
     </span>
     <span class='ocr_line' id='line_1_33' title="bbox 65 3030 1162 3155; baseline 0.004 -45"><span class='ocrx_word' id='word_1_239' title='bbox 65 3106 68 3110; x_wconf 87' lang='lat'>.</span> <span class='ocrx_word' id='word_1_240' title='bbox 101 3030 134 3155; x_wconf 45' lang='grc' dir='ltr'><strong>ἐξ</strong></span> <span class='ocrx_word' id='word_1_241' title='bbox 154 3054 186 3114; x_wconf 92' lang='lat' dir='ltr'><strong>et</strong></span> <span class='ocrx_word' id='word_1_242' title='bbox 209 3049 337 3135; x_wconf 84' lang='lat' dir='ltr'><strong>argenti</strong></span> <span class='ocrx_word' id='word_1_243' title='bbox 364 3049 467 3133; x_wconf 88' lang='lat' dir='ltr'><strong>pluris</strong></span> <span class='ocrx_word' id='word_1_244' title='bbox 497 3071 594 3132; x_wconf 91' lang='lat' dir='ltr'><strong>quam</strong></span> <span class='ocrx_word' id='word_1_245' title='bbox 621 3048 725 3114; x_wconf 85' lang='lat' dir='ltr'><strong>virtus</strong></span> <span class='ocrx_word' id='word_1_246' title='bbox 749 3049 950 3114; x_wconf 88' lang='lat' dir='ltr'><strong>aestimanda</strong></span> <span class='ocrx_word' id='word_1_247' title='bbox 973 3053 1031 3114; x_wconf 87' lang='lat' dir='ltr'><strong>est.</strong></span> <span class='ocrx_word' id='word_1_248' title='bbox 1077 3049 1162 3114; x_wconf 92' lang='lat' dir='ltr'><strong>Odi</strong></span> 
     </span>
     <span class='ocr_line' id='line_1_34' title="bbox 152 3137 1161 3224; baseline 0.001 -22"><span class='ocrx_word' id='word_1_249' title='bbox 152 3138 367 3203; x_wconf 83' lang='lat' dir='ltr'><strong>immortales!</strong></span> <span class='ocrx_word' id='word_1_250' title='bbox 395 3159 461 3202; x_wconf 90' lang='lat' dir='ltr'><strong>non</strong></span> <span class='ocrx_word' id='word_1_251' title='bbox 482 3137 679 3223; x_wconf 81' lang='lat' dir='ltr'><strong>intellegunt</strong></span> <span class='ocrx_word' id='word_1_252' title='bbox 700 3137 861 3221; x_wconf 86' lang='lat' dir='ltr'><strong>homines,</strong></span> <span class='ocrx_word' id='word_1_253' title='bbox 885 3159 982 3223; x_wconf 91' lang='lat' dir='ltr'><strong>quam</strong></span> <span class='ocrx_word' id='word_1_254' title='bbox 1004 3158 1161 3224; x_wconf 81' lang='lat' dir='ltr'><strong>magnum</strong></span> 
     </span>
     <span class='ocr_line' id='line_1_35' title="bbox 153 3224 1161 3312; baseline 0 -22"><span class='ocrx_word' id='word_1_255' title='bbox 153 3227 295 3311; x_wconf 78' lang='lat' dir='ltr'><strong>vectigal</strong></span> <span class='ocrx_word' id='word_1_256' title='bbox 319 3226 362 3289; x_wconf 88' lang='lat' dir='ltr'><strong>sit</strong></span> <span class='ocrx_word' id='word_1_257' title='bbox 385 3225 592 3309; x_wconf 90' lang='lat' dir='ltr'><strong>parsimonia.</strong></span> <span class='ocrx_word' id='word_1_258' title='bbox 623 3224 727 3289; x_wconf 85' lang='lat' dir='ltr'><strong>Venio</strong></span> <span class='ocrx_word' id='word_1_259' title='bbox 747 3225 833 3290; x_wconf 90' lang='lat' dir='ltr'><strong>enim</strong></span> <span class='ocrx_word' id='word_1_260' title='bbox 851 3226 916 3290; x_wconf 92' lang='lat' dir='ltr'><strong>iam</strong></span> <span class='ocrx_word' id='word_1_261' title='bbox 936 3226 977 3290; x_wconf 92' lang='lat' dir='ltr'><strong>ad</strong></span> <span class='ocrx_word' id='word_1_262' title='bbox 995 3230 1161 3312; x_wconf 90' lang='lat' dir='ltr'><strong>sumptuo-</strong></span> 
     </span>
     <span class='ocr_line' id='line_1_36' title="bbox 153 3311 1196 3399; baseline -0.001 -20"><span class='ocrx_word' id='word_1_263' title='bbox 153 3336 220 3397; x_wconf 90' lang='lat' dir='ltr'><strong>sos,</strong></span> <span class='ocrx_word' id='word_1_264' title='bbox 247 3314 395 3397; x_wconf 89' lang='lat' dir='ltr'><strong>relinquo</strong></span> <span class='ocrx_word' id='word_1_265' title='bbox 423 3314 523 3378; x_wconf 90' lang='lat' dir='ltr'><strong>istum</strong></span> <span class='ocrx_word' id='word_1_266' title='bbox 547 3317 786 3397; x_wconf 89' lang='lat' dir='ltr'><strong>quaestuosum.</strong></span> <span class='ocrx_word' id='word_1_267' title='bbox 831 3311 929 3399; x_wconf 79' lang='lat' dir='ltr'><strong>Capit</strong></span> <span class='ocrx_word' id='word_1_268' title='bbox 950 3314 1007 3378; x_wconf 89' lang='lat' dir='ltr'><strong>illc</strong></span> <span class='ocrx_word' id='word_1_269' title='bbox 1031 3337 1070 3379; x_wconf 86' lang='lat' dir='ltr'><strong>ex</strong></span> <span class='ocrx_word' id='word_1_270' title='bbox 1094 3315 1161 3380; x_wconf 88' lang='lat' dir='ltr'><strong>suis</strong></span> <span class='ocrx_word' id='word_1_271' title='bbox 1174 3328 1196 3371; x_wconf 72' lang='lat'><strong>³⁵</strong></span> 
     </span>
     <span class='ocr_line' id='line_1_37' title="bbox 152 3402 1205 3491; baseline 0 -25"><span class='ocrx_word' id='word_1_272' title='bbox 152 3402 292 3487; x_wconf 89' lang='lat' dir='ltr'><strong>praediis</strong></span> <span class='ocrx_word' id='word_1_273' title='bbox 316 3423 448 3466; x_wconf 88' lang='lat' dir='ltr'><strong>sescena</strong></span> <span class='ocrx_word' id='word_1_274' title='bbox 475 3402 639 3485; x_wconf 89' lang='lat' dir='ltr'><strong>sestertia,</strong></span> <span class='ocrx_word' id='word_1_275' title='bbox 666 3423 727 3487; x_wconf 83' lang='lat' dir='ltr'><strong>ego</strong></span> <span class='ocrx_word' id='word_1_276' title='bbox 756 3405 891 3467; x_wconf 89' lang='lat' dir='ltr'><strong>centena</strong></span> <span class='ocrx_word' id='word_1_277' title='bbox 919 3425 957 3467; x_wconf 83' lang='lat' dir='ltr'><strong>ex</strong></span> <span class='ocrx_word' id='word_1_278' title='bbox 984 3402 1079 3487; x_wconf 81' lang='lat' dir='ltr'><strong>meis3</strong></span> <span class='ocrx_word' id='word_1_279' title='bbox 1110 3402 1162 3467; x_wconf 92' lang='lat' dir='ltr'><strong>illi</strong></span> <span class='ocrx_word' id='word_1_280' title='bbox 1203 3486 1205 3491; x_wconf 23' lang='grc' dir='ltr'>Ι</span> 
     </span>
     <span class='ocr_line' id='line_1_38' title="bbox 60 3489 1162 3556; baseline 0.001 -2"><span class='ocrx_word' id='word_1_281' title='bbox 60 3527 68 3543; x_wconf 75' lang='lat'><strong>·</strong></span> <span class='ocrx_word' id='word_1_282' title='bbox 153 3494 268 3556; x_wconf 86' lang='lat' dir='ltr'><strong>aurata</strong></span> <span class='ocrx_word' id='word_1_283' title='bbox 296 3493 383 3555; x_wconf 91' lang='lat' dir='ltr'><strong>tecta</strong></span> <span class='ocrx_word' id='word_1_284' title='bbox 409 3489 445 3554; x_wconf 90' lang='lat' dir='ltr'><strong>in</strong></span> <span class='ocrx_word' id='word_1_285' title='bbox 471 3490 560 3555; x_wconf 84' lang='lat' dir='ltr'><strong>villis</strong></span> <span class='ocrx_word' id='word_1_286' title='bbox 589 3494 622 3555; x_wconf 87' lang='lat' dir='ltr'><strong>et</strong></span> <span class='ocrx_word' id='word_1_287' title='bbox 653 3489 725 3554; x_wconf 91' lang='lat' dir='ltr'><strong>sola</strong></span> <span class='ocrx_word' id='word_1_288' title='bbox 756 3512 938 3556; x_wconf 85' lang='lat' dir='ltr'><strong>marmorea</strong></span> <span class='ocrx_word' id='word_1_289' title='bbox 968 3490 1102 3556; x_wconf 83' lang='lat' dir='ltr'><strong>facienti</strong></span> <span class='ocrx_word' id='word_1_290' title='bbox 1128 3494 1162 3555; x_wconf 92' lang='lat' dir='ltr'><strong>et</strong></span> 
     </span>
    </p>
   </div>
   <div class='ocr_carea' id='block_1_3' title="bbox 0 0 1220 3990">
    <p class='ocr_par' dir='ltr' id='par_1_3' title="bbox 0 0 1220 3990">
     <span class='ocr_line' id='line_1_39' title="bbox 0 0 1220 3990; baseline 0 1"><span class='ocrx_word' id='word_1_291' title='bbox 0 0 1220 3990; x_wconf 95' lang='lat' dir='ltr'><strong> </strong></span> 
     </span>
    </p>
   </div>
  </div>
 </body>
</html>
