2430 3990
165 143 228 208 176
461 143 614 198 annulus
633 143 682 197 DE
701 143 866 198 AMICITIA

163 323 260 370 causa
282 304 480 389 peccaveris3
506 326 582 369 nam
606 326 679 368 cum
703 305 904 370 conciliatrix
923 306 1085 370 amicitiae
1113 307 1174 371 vir·

163 394 244 456 tutis
269 393 377 478 opinio
396 392 504 477 fuerit,
527 393 657 458 difficile
677 396 727 458 est
745 394 921 458 amicitiam
943 415 1082 472 manere,
1108 395 1175 459 sia

110 495 145 546 ee
164 481 285 545 virtute
303 481 465 546 defeceris.
502 478 624 554 Quodsi
644 485 768 546 rectum
792 482 1000 546 statuerimus
1023 482 1076 546 vel
1102 503 1175 546 con·

164 569 274 633 cedere
298 569 423 652 amiciS,
450 568 605 653 quidquid
632 569 747 647 velint,
774 570 826 633 vel
853 569 1018 653 inpetrare
1055 569 1097 633 ab
1126 569 1176 654 iis,

165 655 319 739 quidquid
342 658 488 740 velimus,
511 656 656 740 perfecta
679 657 807 739 quidem
830 658 991 741 sapientia
1015 657 1043 720 si
1062 657 1205 741 sImus,r

163 744 246 807 nihil
269 744 390 808 habeat
413 765 464 808 res
487 744 573 827 vitii3
598 744 653 807 sed
674 744 838 827 loquimur
856 746 895 809 de
913 746 953 809 iis
974 745 1095 828 amicis,
1120 746 1176 830 qui

88 880 90 886 -
165 835 240 896 ante
260 833 370 897 oculos
390 835 474 914 sunt,
494 853 575 916 quos
594 831 732 896 vidimus
751 835 808 896 aut
827 832 865 897 de
885 833 1001 917 quibus
1016 834 1176 898 memoria

165 920 355 1004 accepimus,
374 941 454 1003 quos
472 920 565 984 novit
583 919 652 984 vita
670 920 858 985 communis.
895 921 946 985 Elx
960 921 1022 986 hoc
1038 943 1175 986 numero

163 1008 258 1071 nobie
273 1009 421 1092 exempla
436 1008 591 1072 sumenda
606 1012 690 1086 sunt,
709 1011 867 1072 eteorum
883 1008 1011 1091 quidem
1025 1009 1175 1094 maxime,

110 1111 144 1160 ee
164 1096 220 1180 qui
238 1095 279 1160 ad
297 1096 489 1180 sapientiam
503 1117 659 1180 proxume
680 1095 842 1160 accedunt.
873 1095 1028 1161 Videmus
1047 1097 1175 1182 Papum
1187 1119 1204 1158 u

164 1183 340 1248 Aemilium
367 1185 505 1249 Luscino
532 1184 728 1248 familiarem
759 1184 860 1249 fuisse
888 1184 949 1269 (sio
977 1208 997 1249 a
1023 1185 1174 1269 patribus

165 1269 371 1358 accepimus),
388 1272 439 1335 bis
458 1294 522 1336 una
541 1273 697 1356 consules,
716 1272 858 1358 collegas
877 1271 912 1336 in
931 1293 1078 1356 censura3
1102 1277 1174 1338 tum

165 1363 198 1422 et
221 1381 294 1422 cum
316 1360 356 1422 iis
380 1363 412 1422 et
434 1359 520 1422 inter
543 1380 578 1422 ee
606 1360 885 1424 coniunctissimos
913 1360 1014 1424 fuisse
1036 1359 1089 1425 Μ’.
1114 1360 1174 1426 Ou-
1214 1397 1215 1412 κ

164 1447 258 1529 rium,
281 1445 329 1510 Ti.
344 1444 580 1511 Coruncanium
599 1447 773 1511 memoriae
791 1447 956 1530 proditum
971 1452 1028 1513 est.
1065 1447 1175 1533 Igitur

164 1555 205 1598 ne
233 1535 389 1618 suspicari
416 1535 544 1618 quidem
571 1555 743 1617 possumus
773 1556 966 1619 quemquam
989 1536 1107 1600 horum
1131 1537 1203 1600 abo

165 1623 269 1687 amico
289 1623 455 1706 quippiam
470 1622 680 1706 contendisse,
700 1623 785 1705 quod
803 1626 917 1687 contra
933 1624 1039 1706 fidem,
1058 1628 1172 1689 contra

165 1711 215 1773 ius
238 1710 425 1793 iurandum,
449 1714 562 1774 contra
584 1732 652 1774 rem
675 1710 839 1794 publicam
863 1715 956 1775 esset.
1001 1711 1088 1775 Nam
1111 1712 1175 1777 hoc

165 1797 293 1880 quidem
316 1797 351 1860 in
373 1798 494 1861 talibus
518 1797 596 1862 viris
620 1797 697 1881 quid
718 1799 842 1862 adtinet
861 1798 974 1882 dicere,
997 1799 1025 1862 si
1043 1803 1174 1863 conten-

165 1887 278 1967 disset,
300 1885 557 1969 impetraturum‘
572 1906 638 1949 non
659 1884 781 1949 fuisse?
805 1907 877 1950 eum
900 1886 951 1948 illi
976 1887 1174 1951 sanctissimi

163 1974 226 2038 viri
258 1973 390 2057 fuerint,
424 1994 523 2057 aeque
556 1977 664 2037 autem
696 1971 787 2037 nefas
820 1973 863 2036 sit
893 1974 960 2037 tale
988 1974 1112 2056 aliquid
1141 1979 1193 2039 et

164 2062 269 2127 faeere
301 2065 454 2146 rogatum
484 2065 517 2125 et
543 2082 668 2147 rogare.
713 2061 759 2125 At
787 2082 863 2126 vero
891 2060 961 2124 Tib.
990 2059 1173 2128 Gracchum

165 2151 383 2234 sequebantur
397 2148 431 2214 Ο.
447 2147 562 2234 Carbo,
585 2148 619 2214 Ο.
637 2147 728 2233 Cato,
751 2154 784 2214 et
802 2148 933 2213 minime
951 2151 1022 2213 tum
1042 2149 1173 2232 quidem

164 2236 198 2302 O.
221 2240 323 2301 frater
349 2259 434 2301 nunc
456 2237 541 2301 idem
565 2237 749 2301 acerrimus.

111 2303 154 2428 402
229 2323 319 2388 Haec
346 2325 447 2409 igitur
475 2325 528 2387 lex
554 2324 588 2387 in
616 2325 758 2388 amicitia
790 2325 966 2407 sanciatur,
998 2328 1036 2388 ut
1067 2346 1173 2409 neque

163 2432 314 2497 rogemus
338 2433 390 2475 res
413 2416 525 2495 turpes
543 2433 601 2475 neo
618 2410 774 2476 faciamus
793 2412 909 2497 rogati.
947 2411 1065 2496 Turpis
1085 2414 1174 2478 enim

164 2499 327 2565 excusatio
360 2503 410 2563 est
442 2503 476 2563 et
508 2499 639 2563 minime
672 2500 856 2583 accipienda
887 2521 960 2564 cum
990 2500 1025 2563 in
1056 2502 1174 2565 ceteris

162 2588 318 2672 peccatis,
344 2591 415 2651 tum
444 2587 472 2651 si
499 2587 570 2671 quis
599 2591 711 2651 contra
738 2609 807 2651 rem
829 2587 994 2672 publicam
1018 2609 1052 2652 se
1076 2589 1173 2656 amici

163 2697 261 2740 causa
277 2675 393 2740 fecisse
413 2674 564 2740 fateatur.
595 2675 725 2739 Etenim
744 2696 781 2739 eo
801 2676 882 2759 loeo,
905 2674 1009 2739 Fanni
1028 2679 1061 2739 et
1080 2673 1174 2741 Scae

162 2765 251 2847 vola,
280 2764 379 2828 locati
403 2785 527 2848 sumus,
553 2767 590 2827 ut
611 2784 671 2827 nos
694 2763 791 2848 longe
813 2763 998 2848 prospicere
1022 2768 1174 2847 oporteat

162 2851 290 2916 futuros
314 2874 407 2916 casus
431 2853 477 2916 rei
504 2851 660 2936 pubIIoae.
707 2851 846 2915 Deflexit
873 2852 939 2915 iam
967 2851 1194 2934 aliquantum

110 2955 142 3003 41
163 2940 202 3004 de
239 2940 346 3024 spatio
384 2940 605 3023 curriculoque
641 2939 838 3003 consuetudo
874 2939 1043 3004 maiorum.
1101 2939 1174 3006 Tib.

163 3027 328 3093 Gracchus
351 3049 487 3114 regnum
511 3049 666 3111 occupare
689 3030 824 3091 conatus
849 3031 911 3111 est,
941 3028 993 3092 vel
1020 3029 1173 3112 regnavit

69 3188 72 3195 ,
162 3117 190 3180 is
215 3117 343 3199 quidem
366 3137 485 3200 paucos
509 3137 643 3179 menses.
688 3113 775 3197 Num
801 3115 876 3197 quid
900 3115 1005 3179 simile
1030 3117 1173 3199 populus

85 3240 88 3255 =
162 3204 328 3268 Romanus
348 3204 493 3268 audierat
512 3207 568 3267 aut
587 3202 732 3267 viderat?
765 3202 860 3267 Hune
879 3204 977 3267 etiam
995 3206 1072 3286 post
1088 3226 1174 3269 mor·

161 3296 228 3356 tem
253 3293 354 3356 secuti
373 3291 468 3356 amici
486 3293 520 3355 et
537 3289 710 3375 propinqui
732 3290 809 3374 quid
827 3291 862 3354 in
879 3290 914 3356 P.
930 3289 1079 3374 Scipione
1099 3293 1192 3356 effe»

163 3380 278 3461 ceriut‚
308 3379 376 3442 sine
404 3378 545 3443 lacrimis
573 3399 638 3442 non
666 3399 748 3462 queo
778 3378 891 3443 dicere.
936 3377 1022 3443 Nam
1051 3378 1173 3445 Carbo·

161 3488 249 3547 nem,
282 3488 481 3550 quocumque
507 3466 603 3530 modo
635 3467 813 3552 potuimus,
845 3470 980 3552 propter
1007 3471 1172 3532 recentem
