2430 3990
140 146 204 210 184
438 140 591 195 neamus
609 139 657 193 DE
676 138 840 192 Amorum

138 305 234 370 amici
258 307 435 388 anteponat
458 301 537 367 suo?
575 300 678 375 Quid?
702 301 781 366 haec
804 304 841 364 ut
864 301 1024 383 omittam,
1049 323 1146 384 quam

138 414 264 479 graves,
280 415 384 477 *quam
403 389 549 455 difficiles
568 389 730 474 plerisque
753 389 903 453 ridentur
922 388 1145 454 calamitatum

138 481 323 546 societates!
347 479 388 543 ad
411 499 491 562 quas
513 499 579 542 non
602 481 651 540 est
673 477 768 541 facile
792 477 925 541 inventu
945 477 1000 560 qui
1019 477 1146 542 descen·

139 570 226 634 dant.
271 567 473 649 Quamquam
495 564 619 629 Ennius
643 569 742 630 recte:

183 653 338 720 Amicus
362 658 492 719 certus
516 651 554 717 in
578 675 616 717 re
639 653 788 717 ineerta
811 653 998 734 ee'rnitur,
1168 669 1207 713 11

138 749 249 808 tamen
270 743 349 808 haec
368 743 431 807 duo
450 741 592 806 levitatis
612 745 645 805 11
662 741 862 804 infirmitatis
881 740 1054 825 plerosque
1073 763 1145 806 con·

139 833 279 915 vincunt,
298 834 354 895 aut
373 831 401 894 si
419 831 453 894 in
467 831 560 894 bonis
579 830 674 892 rebus
694 833 905 894 contemnunt
924 832 981 893 aut
1000 830 1033 892 in
1049 829 1144 893 malis

76 921 298 987 ''18deserunt
343 918 405 994 Qui
427 919 528 1003 igitur
551 920 687 999 utraque
710 917 745 981 in
766 939 801 980 re
825 939 971 1002 gravem,
995 921 1145 982 constan·

138 1013 218 1092 tem,
251 1008 401 1072 stabilem
434 1029 468 1070 se
500 1005 534 1068 in
567 1005 709 1070 amicitia
740 1005 957 1089 praestiterit,
988 1006 1074 1072 hunc
1107 1028 1144 1070 ex

137 1097 276 1161 maxime
304 1118 377 1160 raro
411 1115 527 1180 genere
553 1093 720 1158 hominum
752 1093 892 1159 iudicare
926 1094 1079 1158 debemus
1112 1097 1214 1159 11111·

151 1207 253 1270 paene
277 1184 394 1249 divino.

85 1253 151 1378 (ἐέ)
218 1272 474 1336 Firmamentum
488 1273 597 1333 autem
607 1269 798 1334 stabilitatis
815 1271 1081 1354 constantiaeque
1096 1275 1146 1336 est

140 1361 221 1444 eius,
254 1382 351 1442 quam
382 1359 416 1422 in
449 1358 592 1422 amicitia
626 1359 823 1441 quaerimus,
855 1358 948 1442 fides,
979 1359 1063 1423 nihil
1095 1362 1146 1424 est

139 1449 223 1512 enim
247 1447 374 1530 stabile,
397 1446 483 1530 quod
505 1445 638 1508 infidum
663 1450 722 1509 est.
767 1444 953 1530 Simplieem
975 1452 1145 1531 praeterea

138 1541 170 1601 et
189 1557 391 1600 communem
410 1538 442 1598 et
461 1533 723 1616 consentientem,
741 1534 774 1597 id
793 1538 843 1597 est
858 1535 913 1618 qui
927 1536 1022 1599 rebus
1041 1535 1144 1605 isdem
1158 1551 1179 1593 11
1207 1555 1214 1573 ³

138 1628 315 1706 moveatur,
339 1623 417 1708 eligi
439 1644 499 1706 par
517 1625 575 1703 est,
600 1643 681 1705 quae
700 1622 808 1686 omnia
827 1623 991 1706 pertinent
1010 1623 1051 1686 ad
1069 1623 1144 1688 fide·

138 1714 279 1795 litatem,
308 1733 412 1795 neque
440 1710 525 1774 enim
552 1710 651 1774 fidum
678 1713 881 1794 potestesse
905 1710 1076 1795 multiplex
1098 1711 1145 1774 in-

139 1800 268 1885 genium
288 1803 321 1864 et
339 1803 531 1881 tortuosum,
548 1820 652 1881 neque
671 1820 756 1881 vero,
776 1798 910 1880 quinon
925 1799 1028 1863 isdem
1046 1800 1144 1863 rebus

138 1893 286 1954 movetur
312 1891 492 1970 naturaque
521 1886 694 1969 consentit,
727 1891 783 1950 aut
814 1887 897 1950 fidus
926 1890 982 1950 aut
1014 1887 1144 1951 stabilis

138 1980 247 2062 potest
271 1997 349 2040 esse.
394 1974 585 2038 Addeudum
609 1974 720 2039 eodem
744 1977 806 2057 est,
830 1979 867 2038 ut
889 1996 929 2038 ne
954 1974 1142 2040 criminibus
1156 1992 1180 2033 re

140 2069 196 2129 aut
218 2064 392 2129 inferendis
417 2063 592 2127 delectetur
616 2066 671 2126 aut
690 2063 799 2127 credat
818 2063 948 2146 oblatis,
972 2084 1053 2146 quae
1074 2085 1145 2147 per·

138 2154 244 2217 tinent
267 2152 375 2218 omnia
399 2151 438 2214 ad
462 2173 546 2233 eam,
574 2172 671 2233 quam
693 2151 759 2214 iam
783 2151 902 2216 dudum
924 2154 1043 2233 tracto,
1072 2173 1145 2216 con·

138 2241 303 2305 stantiam.
347 2238 400 2302 Ita
421 2239 459 2303 fit
482 2261 594 2304 verum
617 2239 712 2322 illud,
736 2239 821 2322 quod
843 2239 936 2303 initio
961 2239 1039 2322 dixi,
1064 2239 1145 2303 ami-

139 2329 249 2393 citiam
281 2327 344 2390 nisi
373 2327 458 2390 inter
490 2327 593 2390 bonos
626 2347 696 2390 esse
726 2347 792 2389 non
819 2347 924 2409 posse.
968 2325 1030 2392 Est
1058 2327 1145 2392 euim

138 2417 216 2481 boni
239 2415 313 2498 viri,
342 2435 436 2497 quem
460 2413 594 2476 eundem
618 2413 797 2496 sapientem
820 2413 897 2477 lieet
920 2413 1037 2495 dicere,
1064 2414 1145 2480 haee
1158 2432 1183 2473 a

139 2504 201 2568 duo
229 2507 337 2567 tenere
364 2502 399 2565 in
431 2500 585 2565 amicitia:
617 2501 757 2584 primum
788 2522 828 2564 ne
857 2501 933 2584 quid
960 2501 1073 2566 fictum
1101 2504 1146 2567 sit

138 2613 218 2655 neve
238 2591 437 2672 simulatum3
459 2591 569 2673 aperte
588 2589 673 2652 enim
692 2588 744 2653 vel
763 2588 868 2652 odisse
887 2590 993 2675 magis
1012 2590 1146 2674 ingenui

139 2683 189 2744 est
222 2701 318 2760 quam
348 2678 456 2741 fronte
493 2676 653 2741 occultare
691 2677 899 2761 sententiam,
936 2677 1049 2742 deinde
1078 2700 1147 2743 non

138 2767 244 2832 solum
269 2767 309 2829 ab
333 2765 443 2847 aliquo
472 2763 589 2828 allatas
618 2764 859 2830 criminationes
886 2766 1056 2851 repellere,
1087 2767 1146 2831 sed

137 2876 178 2918 ne
211 2853 318 2936 ipsum
351 2853 479 2934 quidem
512 2873 580 2916 esse
613 2853 826 2937 suspiciosum
859 2875 986 2938 semper
1021 2853 1146 2937 aliquid
1160 2873 1186 2912 so

85 2957 118 3006 11
139 2941 379 3007 existimantem
407 2941 446 3004 ab
476 2940 578 3005 amico
608 2963 677 3006 esse
704 2941 871 3006 violatum.
917 2942 1059 3007 Accedat
1082 2942 1146 3008 huc

138 3029 283 3094 suavitas
316 3029 473 3111 quaedam
506 3032 635 3113 oportet
668 3051 853 3094 sermonum
881 3034 978 3113 atque
1008 3051 1146 3113 morum,

136 3118 387 3200 haudquaquam
410 3115 569 3181 mediocre
597 3118 837 3182 condimentum
865 3117 1035 3183 amicitiae.
1077 3117 1146 3182 Tri-

138 3205 230 3270 stitia
258 3209 366 3270 autem
394 3207 426 3268 et
453 3204 488 3268 in
515 3205 603 3268 omni
630 3227 664 3269 re
684 3207 846 3273 severitas
870 3206 970 3270 habet
992 3206 1052 3270 illa
1075 3207 1145 3290 qui-

139 3294 210 3357 dem
234 3292 443 3377 gravitatem,
466 3292 522 3356 sed
546 3293 689 3358 amicitia
711 3294 876 3359 remissior
900 3315 969 3358 esse
994 3294 1089 3359 debet
1114 3298 1146 3359 et
1160 3311 1187 3352 ³⁵

138 3381 271 3445 liberior
285 3384 318 3443 et
333 3380 456 3445 dulcior
474 3383 507 3445 et
526 3381 567 3445 ad
586 3403 714 3462 omnem
733 3382 919 3447 comitatem
937 3382 1147 3447 facilitatem·

59 3514 61 3519 -
138 3489 200 3551 que
223 3468 408 3554 proclivior.

59 3520 103 3760 1
