2430 3990
72 211 95 252 a
122 162 187 226 202
527 140 725 214 PARADOXA

123 323 172 387 dis
195 322 292 385 rebus
310 342 394 386 unus
413 331 454 390 ex'
469 320 645 385 fortunatis
664 320 860 404 hominibus,
885 320 1029 384 adversis

124 432 162 474 ex
186 409 319 474 summis
342 408 422 474 viris
445 408 629 492 videbatur,
660 430 722 492 quo
749 408 877 472 beatius
906 429 976 471 esse
1000 430 1042 471 in<

72 515 104 564 ιι
122 498 204 563 nihil
228 501 346 585 potest.
381 495 505 580 Nescis,
528 496 649 581 insane,
672 496 786 580 neseis,
810 499 948 579 quantas
967 495 1042 559 vira

123 591 176 651 tus
195 586 329 670 habeat-3
352 606 471 649 nomen
488 588 616 648 tantum
635 583 767 648 virtutis
790 605 937 668 usurpas,
962 583 1039 666 quid

122 674 244 756 valeat,
266 674 413 757 ignoras.
458 670 562 736 Nemo
590 675 700 756 potest
725 688 792 736 non
820 671 1030 736 beatissimus

125 761 180 845 qui
208 764 258 824 est
285 763 374 824 totus
403 763 499 843 aptus
528 780 567 822 ex
594 781 676 844 sese,
710 760 828 843 quique
857 760 892 823 in
920 781 953 823 se
981 781 1042 822 une

123 848 228 933 ponit'
244 848 362 913 omnia.
407 845 467 912 cui
495 867 568 930 spes
596 848 701 911 omnis
730 851 763 911 et
792 848 876 912 ratio
910 850 943 911 et
975 848 1042 932 cogi

123 936 242 1021 pendet
266 957 304 1000 ex
325 935 475 1018 fortuna,⁴
494 934 569 999 huie
591 934 673 998 nihil
697 939 808 1019 potest
831 936 1018 1018 esse-certi,

124 1024 210 1107 quod
225 1024 430 1108 exploratum
443 1023 824 1108 habeatpermansurum
844 1024 906 1087 sibi
925 1046 1025 1087 unum
1040 1055 1042 1076 ι

124 1112 208 1177 Eum
232 1116 268 1176 tu
290 1112 455 1176 hominem
479 1115 610 1193 terreto,
634 1110 661 1174 si
685 1133 780 1194 quem
803 1111 866 1175 eris
889 1115 1037 1194 nanetus,

125 1200 240 1265 mortis
265 1203 322 1263 aut
344 1199 433 1263 exilii
455 1199 561 1263 minis.
601 1197 683 1262 Mihi
705 1220 781 1270 vero
806 1199 958 1282 quiequid
982 1201 1042 1263 aeci

124 1289 158 1352 in
181 1290 250 1351 tam
272 1287 404 1371 ingrata
427 1286 567 1370 civitate,
589 1308 630 1351 ne
652 1286 816 1351 recusanti
835 1286 970 1370 quidem,
983 1308 1040 1350 eve

124 1396 191 1440 non
213 1374 308 1439 modo
334 1375 424 1454 [non]
449 1375 653 1459 repugnanti.
694 1373 788 1448 Quid,
801 1375 886 1439 enim
906 1395 966 1460 ego
987 1375 1042 1438 lab

125 1466 182 1527 aut
205 1462 285 1546 quid
306 1462 371 1547 egi,
395 1462 508 1526 autin
531 1483 593 1545 quo
610 1462 814 1547 evigilarunt
837 1484 932 1528 curae
956 1466 989 1526 et
1012 1484 1042 1527 e<

124 1551 230 1615 tiones
254 1571 357 1632 meae,
385 1549 543 1633 siquidem·
569 1549 651 1614 nihil
674 1550 785 1634 peperi
808 1551 887 1635 tale,
915 1550 999 1614 nihil
1023 1573 1039 1614 a

125 1643 218 1703 cutus
243 1660 328 1722 sum,
354 1641 392 1701 ut
420 1659 456 1702 eo
482 1640 571 1701 statu
593 1659 710 1721 essem,
740 1659 835 1721 quem
857 1660 961 1722 neque
983 1638 1042 1703 fort

76 1743 107 1791 18
125 1726 292 1791 temeritas
306 1746 410 1809 neque
424 1725 628 1790 inimieorum
647 1725 861 1791 labefactaret
879 1726 1018 1795 iniuria?

125 1819 233 1879 temne
257 1813 337 1877 mihi
364 1809 541 1896 minitaris,
571 1817 609 1877 ut
636 1814 767 1878 omnino
796 1814 836 1878 ab
865 1814 1042 1879 hominibus

126 1901 267 1985 exilium,
290 1904 328 1965 ut
351 1901 399 1965 ab·
415 1900 561 1985 inprobis
585 1901 831 1986 demigrandum
855 1902 924 1966 sit?
959 1901 1042 1965 Mors

125 1989 275 2054 ribilis''
254 2010 304 2073 ns,
328 2011 466 2071 quorum
488 2011 561 2053 eum
583 1989 653 2052 vita
676 1989 784 2054 omnia
805 1989 1042 2074 extinguuntur

125 2079 180 2161 iis,
212 2099 349 2161 quorum
376 2077 448 2140 laus
476 2076 578 2141 emori
607 2097 673 2141 non
700 2076 826 2161 potest,
859 2077 992 2142 exilium
1025 2100 1042 2142 a

125 2166 202 2244 illis,
212 2165 344 2267 “quihus
368 2164 461 2248 quasi
484 2165 744 2249 circumscriptus
769 2169 818 2229 est
840 2165 1011 2229 habrtandr
1034 2167 1042 2228 l

125 2275 191 2318 non
210 2253 258 2336 iis,
283 2252 338 2336 qui
357 2272 484 2316 omnem
504 2253 616 2316 orbem
634 2257 795 2317 terrarum
813 2275 911 2317 unam
930 2254 1043 2317 urbem

127 2341 254 2405 ducunt.
300 2339 345 2402 Te
373 2339 534 2422 miseriae,
566 2344 599 2404 te
632 2345 985 2425 aerumnaepremunt
1013 2363 1042 2405 οι

127 2428 182 2512 qui
205 2431 238 2492 te
259 2427 405 2504 beatum,
429 2426 485 2510 qui
510 2430 543 2490 te
570 2427 739 2491 florentem
761 2432 873 2512 putas,
905 2435 932 2493 te
953 2433 1029 2493 tuae

127 2516 217 2580 dines
245 2518 410 2599 torquent,
442 2518 479 2578 tu
507 2514 574 2578 dies
601 2519 776 2599 noctesque
804 2517 970 2600 cruciaris,
997 2517 1042 2581 eui

127 2607 179 2668 sat
202 2607 252 2667 est
257 2602 374 2686 ,quod
398 2606 460 2686 est,
488 2605 521 2666 et
543 2602 706 2704 idipsum
728 2625 768 2668 ne
791 2625 858 2668 ιιοιι
880 2605 950 2668 diut
936 2608 1042 2668 turnur

125 2652 331 2773 futurnni‚t
333 2690 426 2772 imes,
460 2692 493 2754 te
521 2691 735 2756 conscientiae
764 2691 935 2756 stimulant
962 2693 1042 2756 male

126 2801 199 2843 rum
227 2781 370 2861 tuorum,
402 2782 435 2842 te
467 2782 572 2842 metus
604 2779 790 2843 exanimant
816 2779 1007 2845 iudiciorum
1036 2805 1042 2844 ι

126 2867 250 2952 legum,
278 2887 478 2949 quocumque
502 2867 692 2951 adspexisti,
719 2871 757 2931 ut
778 2867 932 2932 furiae
906 2890 952 2932 ιιι
975 2872 1042 2932 tuae

128 2957 299 3020 occurrunt
312 2952 458 3038 iniuriae,
482 2976 564 3037 quae
577 2958 610 3018 te
630 2955 793 3039 suspirare
810 2955 912 3034 libere
930 2977 996 3020 non
1015 2957 1043 3020 si

76 3059 107 3107 19
127 3041 231 3118 Quam
254 3043 295 3107 ob
319 3063 401 3126 rem,
430 3044 467 3106 ut
494 3042 632 3127 inprobo
656 3046 689 3106 et
712 3044 814 3108 stulto
838 3047 872 3107 et
893 3044 991 3108 inerti
1014 3068 1042 3108 ιιι

125 3132 207 3195 bene
236 3151 305 3195 esse
332 3134 454 3215 potest,
482 3130 528 3195 sie
554 3131 659 3195 bonus
682 3131 733 3195 vir
760 3135 793 3194 et
821 3131 949 3216 sapiens
978 3136 1042 3196 et:

127 3220 224 3283 miser
242 3240 311 3283 esse
329 3240 423 3283 nemo
438 3222 557 3302 potest.
534 3217 650 3283 tNee
663 3239 749 3302 ver0,
769 3219 884 3303 quoius
898 3219 1001 3283 virtus
1017 3243 1042 3283 rr

127 3328 188 3391 que
211 3305 364 3370 laudandi
388 3310 473 3390 sunt
496 3306 564 3371 eius
587 3328 653 3371 ιιοιι
675 3307 837 3372 laudanda
859 3307 928 3371 vita
949 3313 1008 3391 est,
1031 3331 1042 3372 1

125 3415 223 3479 porro
255 3381 410 3480 fugienda
440 3394 510 3458 vita
542 3398 605 3478 est,
642 3416 724 3478 quae
756 3394 918 3459 laudanda
950 3401 1013 3479 est;

127 3485 183 3547 aut
185 3504 235 3546 em
257 3481 469 3568 fugienda,
443 3503 472 3547 s1
495 3486 580 3547 esset
602 3482 728 3546 misera.
765 3481 868 3558 Quam
888 3483 929 3548 ob
949 3446 1027 3568 reni,
