2430 3990
163 178 225 241 190
459 175 611 230 LAELIUS
629 175 677 230 DE
696 175 862 230 AMICITIA

160 338 379 423 praeposteris
411 338 498 403 enim
529 338 651 402 utimur
680 337 824 402 consiliis
861 340 894 401 et
929 341 1003 402 oete
1030 338 1167 422 agimus,

29 455 34 464 ’
160 423 1167 598 lhtdtlldlhtlssSvttllulhlhdldlrtll

161 603 265 667 medio
298 624 392 667 cursu
425 602 585 667 amicitias
616 605 728 666 exorta
756 602 865 685 aliqua
898 601 1074 667 offensione
1108 601 1167 665 dis·

159 691 348 774 rumpimus.
1147 725 1149 729 ⁴
1188 701 1199 745 ⁵

106 751 150 878 ἓξ
227 778 296 853 Quo
322 779 420 842 etiam
444 778 550 863 magis
573 777 788 862 vituperanda
811 776 930 841 estrei
953 777 1093 840 maxime
1116 798 1168 841 ne

160 867 318 932 cesseriae
349 869 443 930 tanta
475 866 607 930 incuria.
652 864 727 929 Una
759 870 809 930 est
840 865 926 929 enim
959 864 1103 930 amicitia
1134 865 1168 928 in

158 957 254 1020 rebus
278 955 438 1038 humanis,
462 954 500 1018 de
523 954 612 1018 ouius
635 953 781 1018 utilitate
804 974 916 1017 omnes
935 974 1000 1017 uno
1020 974 1076 1018 ore
1095 975 1167 1018 con·

159 1043 313 1108 sentiunt.
345 1042 548 1126 Quamquam
565 1065 584 1107 a
607 1042 719 1106 multis
738 1041 842 1106 virtus
861 1041 933 1125 ipsa
948 1042 1166 1106 contemnitur

159 1136 192 1195 et
214 1131 393 1197 venditatio
422 1131 578 1214 quaedam
606 1135 704 1214 atque
732 1129 908 1194 ostentatio
939 1150 1009 1194 esse
1037 1129 1198 1214 dicItur31⁰

158 1220 254 1282 multi
277 1219 407 1283 divitias
431 1219 620 1303 despiciunt,
644 1239 724 1302 quos
746 1239 849 1303 perro
871 1220 1041 1283 contentos
1059 1218 1166 1282 tenuis
1206 1184 1209 1307 i

158 1307 263 1372 victus
287 1307 456 1390 cultusque
480 1306 633 1390 delectat3
654 1306 794 1371 honores
815 1327 901 1388 vero,
925 1327 1062 1390 quorum
1080 1307 1166 1391 cupi·
1206 1310 1209 1396 l

159 1395 261 1459 ditate
284 1395 416 1478 quidam
438 1394 696 1476 inflammantur,
720 1416 818 1478 quam
836 1394 933 1458 multi
954 1394 1003 1458 ita
1026 1398 1166 1459 contem·

158 1486 253 1566 nunt,
284 1486 322 1547 ut
343 1482 426 1546 nihil
453 1481 594 1565 inanius,
623 1482 706 1545 nihil
735 1503 804 1546 esse
832 1482 936 1547 levius
965 1481 1164 1547 existiment!
1207 1487 1209 1537 ἐ

158 1572 300 1654 itemque
323 1575 438 1654 cetera,
462 1593 544 1654 quae
568 1570 760 1654 quibusdam
783 1570 988 1634 admirabilia
1005 1569 1165 1654 videntur,
1178 1548 1209 1636 lli

158 1659 313 1744 permulti
336 1663 411 1723 sunt
434 1659 489 1742 qui
512 1680 571 1744 pro
594 1659 697 1723 nihilo
716 1662 848 1744 putent3
871 1659 909 1724 de
933 1658 1077 1724 amicitia
1101 1680 1166 1723 om·

157 1768 215 1811 nes
238 1747 279 1811 ad
301 1769 401 1811 unum
424 1747 510 1811 idem
533 1747 690 1830 sentiunt,
713 1752 746 1812 et
768 1747 806 1829 ii,
829 1747 884 1831 qui
907 1746 1039 1811 adrem
1062 1746 1166 1831 publi·
1207 1786 1209 1791 .

158 1857 229 1900 cam
252 1856 287 1899 se
305 1834 520 1917 contulerunt,
544 1838 577 1899 et
593 1835 627 1918 ii,
646 1835 702 1919 qui
720 1857 828 1899 rerum
845 1834 1030 1920 cognitione
1050 1834 1167 1900 doctri-

157 1945 262 2007 naque
286 1923 499 2005 delectantur,
527 1922 619 2007 etii,
648 1923 703 2006 qui
731 1944 824 1986 suum
851 1922 1020 2008 negotium
1047 1926 1166 2007 gerunt

157 2012 263 2096 otiosi,
286 2016 451 2097 postremo
474 2011 512 2095 ii,
540 2011 652 2094 quise
675 2015 764 2076 totos
793 2011 995 2075 tradiderunt
1017 2012 1201 2095 voluptas-¹⁰

157 2101 254 2184 tibus,
278 2101 346 2165 sine
370 2099 514 2164 amicitia
536 2100 638 2164 vitam
659 2121 729 2165 esse
747 2100 881 2183 nullam,
900 2100 928 2163 si
947 2098 1042 2164 modo
1062 2099 1166 2164 velint

105 2205 137 2254 et
158 2189 267 2273 aliqua
291 2211 329 2252 ex
352 2191 445 2272 parte
467 2188 648 2253 liberaliter
666 2188 783 2254 vivero.
820 2185 928 2271 Serpit
951 2187 1037 2251 enim
1055 2189 1165 2253 nescio

158 2297 221 2360 quo
245 2276 339 2340 modo
363 2297 422 2359 per
445 2275 588 2341 omnium
611 2277 696 2342 vitas
721 2276 864 2341 amicitia
881 2297 939 2340 nec
957 2276 1060 2340 ullam
1079 2279 1166 2341 aeta·

156 2363 200 2426 tis
220 2363 383 2448 degendae
400 2364 561 2428 rationem
578 2364 702 2447 patitur
721 2385 790 2427 esse
810 2367 973 2447 expertem
988 2363 1047 2428 sui.
1079 2361 1166 2439 Quin

157 2451 257 2515 etiam
280 2451 309 2514 si
332 2452 404 2535 quis
428 2451 603 2536 asperitate
626 2473 664 2515 ea
687 2454 737 2515 est
756 2454 789 2514 ot
806 2450 999 2516 inmanitate
1018 2455 1165 2536 naturae,
1178 2464 1202 2508 2³

157 2560 349 2625 congressus
371 2542 409 2603 ut
431 2538 598 2603 hominum
626 2538 733 2624 fugiat
760 2543 857 2622 atque
885 2538 1002 2622 oderit,
1035 2541 1166 2623 qualem

156 2626 257 2692 fuisse
280 2627 418 2691 Athenis
441 2627 609 2691 Timonem
635 2627 743 2692 nescio
771 2649 866 2711 quem
895 2628 1090 2712 accepimus,
1117 2631 1166 2694 ta·

157 2737 232 2780 men
262 2715 291 2779 is
323 2715 393 2799 pati
423 2735 490 2778 non
516 2715 634 2800 possit,
666 2719 796 2780 utnon
828 2715 980 2798 anquirat
1013 2716 1165 2801 aliquem,

157 2803 243 2887 apud
266 2824 361 2886 quem
385 2807 514 2867 evomat
536 2803 625 2867 virus
649 2803 836 2868 acerbitatis
855 2825 941 2869 suae.
973 2800 1083 2888 “Atque
1101 2805 1166 2870 hoo

157 2891 296 2955 maxime
318 2890 522 2974 iudicaretur,
545 2890 574 2954 si
597 2891 674 2974 quid
696 2892 763 2955 tale
781 2896 893 2977 posset
911 2892 1109 2977 contingere,
1127 2897 1166 2958 ut
1179 2908 1204 2959 ³⁰

158 2980 275 3063 aliquis
298 3000 357 3044 nos
381 2979 459 3043 deus
483 3001 521 3043 ex
543 2978 605 3043 hac
628 2979 795 3044 hominum
821 2979 1005 3065 frequentia
1031 2980 1166 3046 tolleret

158 3068 247 3132 etin
270 3066 443 3133 solitudine
466 3067 595 3152 uspiam
618 3068 792 3132 collocaret
815 3072 912 3151 atque
942 3069 988 3133 ibi
1016 3071 1166 3153 suppedi-

156 3159 230 3220 tans
254 3156 399 3221 omnium
422 3177 538 3233 rerum,
563 3177 642 3240 quas
665 3160 783 3220 natura
806 3155 976 3240 desiderat,
999 3156 1166 3221 abundan-

156 3244 236 3308 tiam
259 3248 293 3309 et
315 3245 443 3329 copiam
460 3243 602 3309 hominis
621 3244 751 3308 omnino
770 3243 947 3329 aspiciendi
965 3248 1165 3328 potestatem

156 3332 303 3415 eriperet.
335 3331 414 3407 Quis
436 3337 506 3396 tam
529 3335 616 3396 esset
638 3331 770 3416 ferreus,
793 3332 850 3416 qui
868 3354 939 3397 eam
957 3333 1060 3397 ultam
1078 3332 1165 3398 ferre
1179 3348 1204 3390 ω

156 3424 280 3505 posset,
308 3418 422 3502 cuique
444 3440 511 3484 non
534 3419 675 3484 auferret
701 3419 843 3484 fructum
866 3422 1074 3505 voluptatum
1098 3443 1165 3487 om·

104 3523 136 3572 88
155 3507 245 3572 nium
269 3508 432 3572 solltudo?
462 3506 585 3573 Verum
609 3529 686 3594 ergo
709 3508 792 3572 illud
815 3511 872 3592 est,
897 3508 983 3593 quod
1009 3509 1165 3574 sTaren·
