2430 3990
156 152 221 214 210
560 146 758 202 PARADOXA

156 310 294 375 servitus
314 313 373 392 est,
396 309 424 374 si
442 309 522 375 haec
540 309 676 376 libertas
695 308 875 374 existimari
894 308 1027 394 potest?
1058 307 1167 385 Quid?

156 421 229 463 oum
255 399 442 482 cupiditatis
470 398 653 462 dominatus
682 398 819 463 excessit
847 400 880 461 et
912 396 996 461 alius
1028 401 1080 462 est
1112 398 1167 463 do·

158 487 263 551 minus
283 490 413 551 exortus
432 508 471 550 ex
488 485 685 552 conscientia
703 489 918 570 pcccatorum,
939 484 1049 570 timor,
1067 507 1167 569 quam

158 579 208 639 est
230 575 289 639 illa
312 574 442 657 misera,
470 596 568 658 quam
591 574 672 638 dura
694 574 847 638 servitus!
893 571 1166 640 Adulescentibus

157 663 255 747 paulo
284 662 522 746 loquacioribus
551 666 601 726 est
628 661 845 743 serviendum,
872 681 998 744 omnes,
1026 663 1082 747 qui
1110 663 1203 727 ali-s

158 751 234 834 quid
258 751 339 815 scire
362 750 520 834 videntur,
543 754 711 833 tamquam
729 749 851 815 domini
868 748 1033 815 timentur.
1065 748 1168 815 Iudex

157 860 234 903 vero
258 842 415 922 quantum
437 838 538 903 habet
557 838 771 904 dominatum!
796 858 859 921 quo
878 838 995 902 timore
1011 842 1167 904 nocentes

105 945 138 993 41
159 926 278 992 adficit!
330 926 383 990 An
414 948 480 991 non
512 930 562 990 est
594 926 698 990 omnis
733 929 838 990 metus
871 925 1032 990 servitus?
1082 925 1168 1002 Quid

158 1015 246 1080 valet
269 1016 371 1101 igitur
393 1015 452 1080 illa
475 1013 732 1098 eloquentissimi
749 1013 820 1097 viri,
842 1012 877 1078 L.
892 1012 1011 1098 Crassi,
1033 1015 1168 1099 copiosa

159 1104 264 1189 magis
287 1125 384 1187 quam
408 1102 536 1186 sapiens
555 1103 673 1166 oratio:
697 1101 865 1186 ‘Eripite
887 1123 957 1167 nos
980 1123 1023 1166 ex
1046 1103 1204 1169 serui-ro

158 1191 280 1255 tute'?
312 1189 401 1266 Quae
419 1195 470 1255 est
488 1191 552 1254 ista
570 1190 709 1256 servitus
732 1194 802 1253 tam
825 1190 913 1254 claro
936 1187 1061 1254 homini
1084 1194 1168 1255 tam-

159 1301 220 1363 que
251 1278 378 1343 nobili?
429 1278 542 1344 Omnis
575 1278 674 1342 animi
705 1277 867 1342 debilitati
899 1281 932 1342 at
967 1277 1102 1342 humilis
1135 1283 1168 1344 et

157 1366 255 1431 fracti
283 1366 442 1430 timiditas
471 1366 609 1431 servitus
638 1370 696 1431 est.
742 1365 865 1430 ‘Nolite
893 1366 997 1430 sinere
1018 1387 1079 1431 nos
1104 1367 1168 1432 cui·

160 1477 256 1538 quam
280 1453 420 1520 servire?
453 1453 491 1518 In
515 1454 701 1518 libertatem
719 1453 877 1519 vindicari
894 1453 986 1519 volt?
1017 1452 1167 1538 Minime3

159 1543 236 1626 quid
263 1544 348 1608 enim
376 1542 544 1628 adiungit?
590 1540 679 1607 ‘Nisi
705 1542 798 1607 vobis
829 1539 1009 1607 universis?
1054 1541 1202 1608 Domi-a

158 1653 236 1695 num
259 1635 493 1715 mutare„non
516 1630 599 1694 liber
622 1651 692 1695 esse
714 1631 793 1696 volt.
839 1628 973 1705 ‘Quibus
997 1634 1032 1694 et
1053 1652 1167 1715 possu-

158 1741 230 1783 mus
254 1723 287 1784 et
310 1718 483 1784 debemus?
523 1717 593 1783 Nos
616 1740 702 1802 uero,
725 1717 883 1802 siquidem
906 1718 1014 1783 animo
1038 1719 1165 1784 excelso

159 1811 192 1871 et
215 1808 283 1872 alto
307 1810 339 1871 et
361 1807 537 1871 virtutibus
562 1810 758 1892 exaggerato
782 1828 893 1871 sumus
900 1856 908 1888 ,
931 1827 989 1871 nec
1012 1805 1165 1872 debemus

158 1917 217 1960 nec
243 1916 428 1980 possumus3
459 1898 497 1958 tu
523 1915 619 1979 posse
646 1898 679 1958 te
707 1894 818 1978 dicito,
851 1895 1004 1978 quoniam
1036 1894 1166 1978 quidem

97 2058 100 2063 ⁴
158 1987 261 2068 potes
285 1984 400 2048 debere
421 2005 463 2047 ne
486 1982 613 2066 dixeris,
637 1982 789 2066 quoniam
811 1982 893 2046 nihil
918 1983 1092 2066 quisquam
1115 1983 1199 2048 deo

159 2073 224 2157 bet,
246 2072 310 2136 uisi
328 2071 413 2156 quod
432 2075 482 2136 est
500 2075 595 2156 turpe
612 2093 678 2136 non
695 2071 836 2136 reddere.
871 2068 935 2134 Sed
952 2069 1037 2135 haee
1059 2069 1165 2137 hacto

159 2181 229 2225 nus.
273 2159 334 2225 Ille
367 2159 487 2242 videat,
520 2181 582 2243 quo
614 2159 710 2224 modo
742 2158 920 2242 imperator
952 2179 1022 2223 esse
1051 2159 1165 2244 possit,

159 2270 232 2314 cum
264 2270 338 2313 eum
368 2269 409 2312 ne
440 2248 579 2313 liberum
612 2247 739 2330 quidem
768 2268 837 2311 esse
866 2245 951 2310 ratio
979 2250 1013 2311 et
1045 2248 1164 2313 veritas

159 2337 231 2420 ipsa
254 2335 434 2402 convincat.

468 2526 775 2593 PARADOXON
797 2526 854 2592 VI.
1174 2540 1195 2583 u

238 2630 309 2699 “On
331 2631 434 2720 μόνος
457 2627 475 2698 ὁ
499 2629 606 2716 σοφὸς
627 2630 795 2710 πλούσιος.

108 2756 168 2878 ὲ.
226 2774 313 2851 Quae
336 2778 387 2839 est
409 2774 474 2838 ista
496 2774 531 2838 in
556 2773 837 2840 commemoranda
859 2773 995 2858 pecunia
1016 2777 1076 2840 tua
1098 2778 1165 2839 tam

158 2864 302 2929 insolens
334 2861 533 2927 ostentatio?
587 2863 715 2927 solusne
746 2866 784 2925 tu
816 2861 927 2926 dives?
958 2884 1018 2946 pro
1047 2862 1082 2926 di
1108 2863 1165 2927 im·

160 2951 328 3017 mortales!
359 2971 461 3102 egone
488 2972 539 3014 me
567 2949 694 3014 audisse
721 2949 844 3034 aliquid
867 2953 900 3014 et
930 2949 1080 3015 didicisse
1102 2971 1166 3015 non

161 3040 341 3125 gaudeam?
401 3039 515 3103 olusne
533 3036 644 3102 dives?
680 3036 772 3120 Quid,
795 3037 824 3101 si
845 3059 886 3102 ne
903 3038 992 3104 dives
1015 3036 1199 3123 quidemta

161 3129 246 3213 quid,
270 3128 297 3192 si
320 3149 443 3212 pauper
467 3125 587 3190 etiam?
624 3123 726 3200 Quem
745 3125 831 3190 enim
848 3125 1071 3212 intellegimus
1090 3125 1167 3192 divi·

160 3221 227 3282 tem
250 3220 307 3281 aut
324 3216 386 3280 hoc
404 3215 539 3279 verbum
556 3213 591 3277 in
610 3234 673 3296 quo
691 3213 821 3278 homine
839 3215 1012 3298 ponimus?
1045 3212 1168 3300 Opinor

159 3305 194 3369 in
212 3327 259 3386 eo,
284 3304 361 3388 quoi
379 3306 473 3367 tanta
491 3301 652 3386 possessio
673 3301 725 3384 sit,
747 3306 784 3366 ut
803 3301 843 3366 ad
861 3302 1043 3367 liberaliter
1061 3302 1168 3369 viven-

161 3393 237 3457 dum
254 3391 350 3456 facile
369 3394 539 3456 contentus
559 3389 611 3469 sit,
629 3389 685 3473 qui
702 3389 784 3454 nihil
805 3394 948 3474 quaerat,
970 3388 1054 3454 nihil
1073 3411 1167 3476 appe

109 3497 141 3545 43
160 3484 225 3563 tat,
256 3479 339 3545 nihil
372 3483 464 3564 optet
495 3477 644 3562 amplius.
694 3478 831 3543 Animus
864 3482 994 3564 oportet
1025 3481 1103 3544 tuus
1135 3489 1201 3542 sed
