2430 3990
167 173 231 236 174
464 171 616 226 LAELIUS
635 171 683 224 Da
702 170 867 226 AMICITIA

166 334 380 418 cogitationes
404 333 590 398 abiecerunt
612 335 646 398 in
669 356 737 397 rem
760 337 829 397 tam
857 332 1014 397 humilem
1041 336 1171 417 tamque

166 424 394 506 contemptam.
440 419 543 497 Quam
567 423 700 487 obrem
723 421 783 486 hos
808 420 936 505 quidem
960 421 1087 486 abhoc
1112 443 1172 486 ser·

166 532 261 574 mone
293 531 528 594 removeamus,
560 510 624 594 ipsi
656 513 764 574 autem
796 510 1024 595 intellegamus
1056 513 1173 575 natura

167 598 258 683 gigni
277 619 407 661 sensum
426 598 581 683 diligendi
595 601 627 662 et
645 597 883 663 benivolentiae
898 598 1068 663 caritatem
1087 599 1174 664 facta

168 685 403 770 significatione
425 685 609 770 probitatis.
654 683 758 761 Quam
781 687 837 769 qui
860 686 1096 771 adpetiverunt,
1123 687 1173 751 ad·

166 774 290 858 plicant
313 794 347 836 se
370 776 403 837 et
425 773 558 858 propius
583 773 765 858 admovent,
787 779 824 839 ut
847 777 880 838 et
897 796 958 839 usu
977 775 1054 853 eius,
1077 796 1174 859 quem

168 861 300 946 diligere
323 864 506 946 coeperrmt,
528 861 679 926 fruantur
702 865 735 926 et
757 862 901 927 moribus
925 863 1054 945 sintque
1077 884 1173 946 pares

166 950 201 1013 in
224 970 334 1014 amore
356 953 390 1013 et
413 951 563 1034 aequales
585 950 874 1035 propensioresque
894 950 934 1014 ad
952 951 1032 1014 bene
1051 973 1174 1016 meren·

167 1038 243 1102 dum
267 1059 364 1122 quam
388 1039 427 1103 ad
450 1038 697 1122 reposcendum,
721 1040 817 1119 atque
840 1038 919 1102 haec
942 1038 1027 1102 inter
1051 1060 1107 1103 eos
1132 1039 1175 1104 sit

166 1127 305 1191 honesta
323 1126 467 1191 certatio
500 1123 552 1191 Sic
570 1129 603 1191 et
621 1126 782 1191 utilitates
801 1146 839 1189 ex
854 1125 997 1190 amicitia
1013 1126 1174 1192 maximae

167 1216 349 1298 capientur,
372 1218 404 1279 et
428 1214 490 1278 erit
513 1214 580 1279 eius
604 1217 695 1279 ortus
719 1217 878 1278 enatura
900 1234 998 1296 quam
1021 1215 1062 1279 ab
1085 1214 1175 1280 inbe

167 1302 304 1367 cillitate
327 1301 458 1388 gravior
481 1305 514 1365 et
536 1302 650 1366 verior.
696 1301 782 1366 Nam
805 1302 833 1365 si
860 1302 987 1366 utilitas
1011 1302 1173 1368 amicitias

167 1389 415 1474 conglutinaret,
438 1389 549 1454 eadem
572 1391 773 1454 commutata
795 1390 1000 1472 dissolveret,
1023 1391 1079 1455 sed
1099 1391 1176 1475 quia

166 1481 284 1541 natura
301 1477 422 1542 mutari
439 1498 505 1542 non
522 1481 641 1561 potest,
662 1477 779 1542 idcirco
799 1499 893 1542 verae
913 1478 1073 1544 amicitiae
1093 1500 1176 1544 sem·

166 1566 312 1650 piternae
336 1569 419 1630 sunt.
465 1564 580 1629 Ortum
604 1565 733 1649 quidem
761 1565 922 1630 amicitiae
949 1566 1081 1650 videtis,
1110 1567 1195 1632 nisi

168 1654 244 1737 quid
268 1654 308 1718 ad
330 1654 410 1718 haec
432 1653 517 1717 forte
539 1654 649 1718 vultis.

231 1742 378 1808 Fama.
419 1740 468 1805 Tu
487 1762 563 1806 vero
581 1762 689 1827 perge,
711 1739 815 1823 Laeli3
838 1762 897 1825 pro
916 1741 978 1806 hoc
1005 1742 1099 1827 enim,
1119 1744 1177 1829 qui

166 1829 272 1894 minor
295 1833 345 1894 est
368 1832 460 1911 natu,
483 1850 555 1893 meo
578 1830 647 1893 iure
670 1829 857 1913 respondeo.
969 1858 975 1869 ··

114 1937 147 1986 33
233 1917 399 1984 Seserem.
434 1915 533 1981 Recte
556 1921 592 1981 tu
618 1917 755 2001 quidem.
787 1915 890 1991 Quam
913 1917 955 1981 ob
978 1939 1047 1981 rem
1066 1920 1178 1985 audia-

168 2027 248 2070 mus.
961 2066 965 2072 .

116 2097 156 2162 10
232 2093 375 2159 Lanatus.
406 2091 526 2157 Audite
544 2114 630 2176 vero,
648 2092 774 2177 optumi
791 2092 862 2174 viri,
885 2114 931 2174 ea,
955 2114 1036 2175 quae
1054 2096 1177 2179 saepis·

167 2182 247 2246 sime
270 2182 354 2246 inter
372 2203 423 2245 me
442 2185 475 2246 et
493 2178 676 2264 Scipionem
700 2181 738 2244 de
757 2180 900 2245 amicitia
923 2180 1175 2249 disserebantur.

167 2269 371 2352 Quamquam
398 2269 454 2332 ille
483 2269 611 2352 quidem
633 2268 717 2332 nihil
749 2267 911 2333 difficilius
940 2289 1009 2332 esse
1037 2268 1176 2356 dicebat,

167 2379 264 2441 quam
288 2355 464 2421 amicitiam
486 2377 587 2439 usque
611 2357 651 2421 ad
674 2360 853 2421 extremum
876 2356 963 2421 vitae
991 2355 1075 2420 diem
1103 2378 1177 2441 per-

167 2465 305 2509 manere.
350 2443 450 2528 Nam,
478 2445 531 2509 vel
557 2447 595 2508 ut
621 2466 687 2509 non
713 2445 797 2508 idern
825 2444 1002 2528 expediret,
1033 2444 1176 2511 incidere
1209 2473 1210 2478 ¹

169 2554 272 2617 saepe,
294 2533 347 2597 vel
370 2536 407 2596 ut
430 2533 468 2597 dc
491 2553 526 2597 re
548 2532 679 2616 publica
701 2553 766 2596 non
788 2532 874 2596 idem
895 2532 1083 2616 sentiretur3
1107 2556 1177 2600 mu·
1211 2534 1213 2551 ²

167 2620 232 2686 tari
260 2621 359 2685 etiam
386 2642 492 2685 mores
520 2619 687 2684 hominum
715 2640 810 2705 saepo
839 2620 979 2703 dicebat,
1011 2621 1092 2685 alias
1122 2623 1178 2686 ad·

167 2709 270 2774 versis
289 2709 395 2792 rebus,
418 2708 499 2772 alias
519 2710 625 2772 aetate
648 2708 899 2794 ingravescente.
936 2707 1044 2791 Atque
1064 2727 1177 2775 earum

168 2819 275 2862 rerum
290 2797 472 2880 exemplum
487 2818 525 2860 ex
539 2795 750 2861 similitudine
769 2796 917 2880 capiebat
932 2796 1073 2861 ineuntis
1088 2801 1179 2862 aeta·

168 2886 222 2969 tis,
241 2885 326 2968 quod
345 2884 463 2948 summi
481 2906 654 2968 puerorum
668 2905 794 2949 amores
809 2905 904 2968 saepe
918 2906 983 2948 una
997 2906 1069 2949 cum
1083 2907 1178 2968 prae·
1192 2904 1213 2947 a

117 2990 149 3040 34
169 2977 259 3038 texta
286 2977 365 3059 toga
391 2976 601 3057 ponerentur3
633 2972 684 3036 sin
716 2975 824 3036 autem
854 2972 894 3036 ad
922 2971 1179 3040 adulescentiam

168 3061 406 3148 perduxissent,
434 3060 541 3124 dirimi
568 3065 678 3126 tamen
704 3060 866 3124 interdum
895 3058 1100 3124 contentione
1123 3063 1180 3127 vel

168 3150 299 3214 uxoriae
322 3148 517 3215 condicionis
540 3149 592 3213 vel
616 3149 777 3214 commodi
805 3147 953 3231 alicuius,
982 3147 1067 3230 quod
1089 3147 1181 3216 idem

65 3308 67 3313 ,
169 3237 304 3321 adipisci
330 3241 465 3321 uterque
492 3258 559 3301 non
585 3240 705 3321 posset.
751 3234 872 3312 Quodsi
900 3235 955 3318 qui
984 3235 1114 3322 longius
1143 3238 1180 3302 in

77 3406 81 3413 .
170 3325 313 3390 amicitia
330 3325 476 3409 provecti
494 3327 611 3408 essent,
633 3328 744 3389 tamen
763 3345 858 3407 saepe
876 3322 1077 3408 labefactari,
1095 3325 1126 3389 si
1144 3325 1180 3390 in
1195 3343 1213 3386 a

169 3413 301 3478 honoris
321 3412 560 3477 contentionem
578 3413 779 3494 incidissent3
801 3415 926 3495 pestem
948 3412 1033 3476 enim
1051 3414 1181 3480 nullam

169 3501 326 3566 maiorem
354 3522 424 3565 esse
452 3500 603 3565 amicitiis
631 3522 729 3585 quam
760 3500 795 3563 in
825 3500 989 3584 plerisque
1021 3503 1181 3586 pecuniae
