2430 3990
377 151 451 207 cAP.
471 158 567 208 o-n.
600 158 747 219 sss-er.
1001 155 1065 220 175

32 312 282 398 cupiditatem,
311 313 345 377 in
373 313 505 397 optimis
534 313 713 396 quibusque
740 313 874 379 honoris
902 318 1065 380 certamen

56 405 90 465 et
122 401 260 486 gloriae3
293 423 331 464 ex
363 421 426 483 quo
454 400 640 466 inimicitias
669 401 826 466 maximas
855 424 950 487 saepe
979 404 1064 467 inter

55 489 271 554 amicissimos
300 489 471 553 exstitisse.
516 489 637 574 Magna
665 489 763 553 etiam
787 489 920 555 discidia
944 494 976 554 et
998 492 1064 575 ple
1082 508 1116 560 ct

55 598 192 660 rumque
206 577 292 640 iusta
305 576 404 660 nasci,
422 598 494 641 cum
510 577 632 660 aliquid
646 577 687 641 ab
702 577 823 661 amicis,
840 578 926 661 quod
940 583 1064 643 rectum

29 683 123 730 ⁵non
146 668 245 748 esset,
272 665 507 748 postularetur,
535 668 572 729 ut
596 667 653 728 aut
674 664 818 729 libidinis
841 666 984 729 ministri
1008 670 1065 731 aut

57 753 221 818 adiutores
254 756 363 817 essent
395 751 436 816 ad
467 753 633 836 iniuriam3
665 754 750 837 quod
782 753 837 837 qui
870 758 1065 837 recusarent,

57 840 205 926 quamvis
229 840 363 905 honeste
386 840 420 905 id
442 839 598 924 facerent,
621 840 671 904 ius
695 844 805 904 tamen
828 842 990 906 amicitiae
1013 842 1064 905 de·

57 950 163 994 serere
182 931 394 1014 arguerentur
413 929 453 993 ab
472 929 521 1012 iis,
540 929 656 1012 quibus
672 929 806 1012 obsequi
819 930 953 993 nollent.
983 929 1063 994 Illos

57 1020 175 1095 autem,
195 1017 250 1101 qui
269 1016 395 1101 quidvis
415 1017 456 1081 ab
474 1017 576 1082 amico
592 1017 746 1081 auderent
759 1017 935 1101 postulare,
953 1021 1063 1102 postu·

19 1124 43 1164 ro
57 1104 180 1170 latione
202 1105 275 1190 ipsa
296 1105 444 1190 profiteri
466 1105 575 1170 omnia
594 1126 627 1168 se
646 1105 740 1168 amici
759 1127 856 1170 causa
875 1127 945 1169 esse
963 1106 1064 1170 factu·

56 1215 121 1258 ros.
165 1191 288 1257 Eorum
317 1194 447 1277 querela
474 1193 654 1258 inveterata
681 1213 748 1256 non
774 1194 870 1258 modo
896 1193 1064 1258 familiari-

57 1284 144 1345 tates
163 1281 324 1366 exstingui
343 1281 455 1364 solere,
474 1281 529 1345 sed
548 1281 622 1345 odia
640 1281 739 1345 etiam
753 1281 845 1366 gigni
859 1282 1063 1365 sempiterna.

56 1368 147 1434 Haec
161 1369 209 1432 ita
223 1369 326 1433 multa
341 1368 434 1452 quasi
446 1367 516 1433 fata
529 1369 701 1453 inpendere
720 1369 880 1453 amicitiis,
899 1374 936 1433 ut
955 1371 1064 1435 omnia

58 1455 282 1540 subterfugere
300 1476 366 1519 non
383 1457 479 1522 modo
498 1457 685 1541 sapientiae,
704 1457 760 1521 sed
778 1457 877 1521 etiam
895 1458 1063 1522 felicitatis

23 1562 46 1603 rs
62 1545 183 1610 diceret
206 1544 269 1607 sibi
290 1544 401 1609 videri.

10 1627 17 1670 ²²
125 1631 229 1706 Quam
247 1632 289 1696 ob
312 1653 380 1696 rem
399 1631 432 1695 id
450 1631 590 1714 primurn
608 1632 783 1715 videamus,
807 1633 834 1696 si
852 1633 968 1717 placet,
988 1617 1115 1741 qua-13}

57 1724 153 1785 tenus
177 1740 268 1783 amor
289 1719 325 1782 in
347 1719 492 1784 amicitie
518 1719 671 1804 progredi
698 1720 821 1784 debeat.
866 1719 1007 1800 Numne,
1035 1721 1064 1785 si

10 1854 12 1895 3
58 1807 249 1874 Coriolanus
272 1806 388 1870 habuit
406 1807 540 1891 amicos,
562 1806 645 1871 ferre
668 1812 782 1873 contra
803 1809 945 1892 patriam
973 1831 1064 1873 arma

57 1896 108 1959 illi
131 1918 203 1961 cum
223 1893 396 1960 Coriolano
421 1895 620 1960 debuerunt?
643 1917 721 1960 num
743 1894 944 1960 Vecellinum
967 1897 1063 1961 amici

10 2000 46 2055 {so
57 2005 195 2069 regnum
218 1983 432 2067 adpetentem,
453 2004 531 2046 num
554 1981 707 2046 Maelium
731 1983 909 2046 debuerunt
930 1984 1063 2048 iuvare?

10 2070 14 2083 '
58 2071 129 2136 Tib.
166 2071 294 2154 quidem
328 2069 508 2134 Gracchum
539 2090 608 2132 rem
643 2069 807 2153 publicam
839 2073 1011 2152 vexantem
1044 2089 1115 2139 act

12 2176 20 2193 ²
58 2158 94 2236 Q.
118 2158 287 2223 Tuberone
311 2158 562 2240 aequalibusque
585 2157 697 2220 amicis
725 2156 913 2221 derelictum
936 2157 1063 2222 videba-

15 2244 21 2281 ³
58 2267 140 2312 mus.
172 2246 218 2310 At
233 2244 267 2311 (l.
281 2245 429 2310 Blossius
444 2243 615 2327 Cumanus,
634 2244 752 2330 hospes
770 2242 914 2309 familiae
929 2250 1064 2329 vestrae,

58 2333 223 2416 Scaevola,
242 2355 340 2418 quom
358 2333 399 2398 ad
412 2355 473 2416 me,
488 2333 573 2415 quod
587 2333 718 2397 aderam
729 2331 867 2397 'Laenati
885 2338 918 2397 et
932 2334 1063 2418 Rupilio

18 2420 245 2487 ‘sconsulibus
268 2421 303 2485 in
325 2421 473 2505 consilio,
502 2421 706 2506 deprecatum
729 2421 884 2505 venisset,
907 2422 1004 2505 hanc,
1027 2426 1063 2485 ut

59 2510 123 2574 sibi
149 2510 362 2595 ignoscerem,
394 2531 524 2575 causam
557 2509 735 2593 adferebat,
768 2509 854 2593 quod
880 2510 966 2573 tanti
992 2509 1062 2574 Tib.

59 2597 240 2663 Gracchum
257 2597 396 2681 fecisset,
419 2600 466 2681 ut,
489 2597 643 2681 quidquid
661 2597 718 2661 ille
736 2598 844 2680 vellet,
866 2597 930 2661 sibi
947 2597 1063 2661 facien·

58 2686 135 2750 dum
157 2689 296 2770 putaret.
342 2685 425 2749 Tum
448 2705 523 2770 ego:
546 2684 753 2767 ‘Etiamne
777 2685 809 2748 si
831 2688 868 2749 te
891 2685 930 2749 in
953 2684 1063 2769 Capi-

58 2774 197 2839 tolium
219 2772 324 2838 faces
347 2772 449 2837 ferre
472 2772 629 2838 vellet?'
672 2771 926 2857 ‘Numquam',
948 2773 1063 2857 inquit,

74 2861 267 2927 voluisset
289 2861 326 2925 id
350 2860 513 2944 quidem3
540 2860 604 2924 sed
631 2860 664 2924 si
686 2861 877 2925 voluisset
884 2862 1063 2944 ,paruis-

58 2970 144 3014 sem.
146 2947 296 3014 'Videt
271 2953 324 3033 t1s,
343 2971 439 3033 quam
457 2946 582 3011 nefaria
600 2949 674 3012 vox!
711 2946 756 3012 Et
773 2949 968 3012 herculeita
985 2948 1063 3012 fecit

16 3036 110 3119 {rel
133 3037 207 3121 plus
230 3037 349 3188 etiam,
362 3058 459 3138 quam
483 3035 576 3117 dixit,
603 3056 669 3099 non
696 3036 781 3099 enim
808 3036 917 3121 paruit
903 3036 996 3100 itlle
1015 3036 1062 3100 Ti.

59 3124 234 3190 Gracchit
219 3125 369 3189 temerita
370 3124 406 3208 ti,
370 3123 485 3188 tsed
502 3122 651 3206 praefuit,
674 3145 732 3189 nec
751 3145 785 3187 se
806 3124 956 3189 comitem
974 3124 1063 3188 illius

56 3212 187 3296 furoris,
206 3214 260 3277 sed
280 3213 391 3278 ducem
409 3211 567 3312 praebuit.
545 3210 713 3295 tltaque
731 3212 792 3276 hec
811 3212 953 3276 amentia
970 3233 1063 3295 quae-

13 3316 44 3379 ,⁸⁵
58 3301 164 3365 stione
186 3322 271 3364 nova
293 3300 485 3386 perterritus
508 3299 543 3362 in
565 3296 679 3362 Asiam
701 3299 864 3385 profugit,
887 3301 927 3365 ad
950 3300 1026 3364 host
1012 3304 1061 3364 tes

10 3384 15 3423 ·'
58 3410 92 3453 se
116 3389 263 3471 contulit,
285 3409 406 3473 poenas
429 3386 647 3472 reipublicae
670 3407 786 3472 graves
807 3389 973 3471 iustasque
993 3409 1062 3472 per-

58 3477 165 3542 solvit.
210 3475 311 3540 Nulla
338 3479 388 3541 est
414 3475 515 3560 igitur
542 3475 705 3540 excusatio
735 3477 873 3561 peccati,
906 3475 934 3538 si
967 3476 1062 3541 amici

10 2582 46 3073 --w
