2430 3990
407 156 483 210 cae.
504 162 545 223 16,
566 162 606 213 ιτ.
644 162 792 222 sss-er.
1040 158 1103 223 183

92 321 201 385 iustae
220 319 397 384 amicorum
417 318 601 382 voluntates
621 317 819 382 adiuvandae
839 318 913 401 sint,
931 319 966 382 in
985 320 1102 402 quibus

93 429 207 472 eorum
226 411 283 472 aut
302 410 399 491 caput
418 409 535 491 agatur
555 409 611 469 aut
628 405 725 490 fama,
749 404 972 470 declinandum
992 408 1030 470 de
1049 409 1102 472 via

94 497 152 580 ait,
184 495 280 560 modo
311 516 353 559 ne
382 516 507 559 summa
534 493 702 578 turpitudo
731 497 899 578 sequatur3
931 498 980 558 est
1008 495 1102 579 enim,

94 587 254 668 quatenus
279 582 439 647 amicitiae
463 581 532 645 dari
551 581 644 645 venia
662 581 774 665 possit.
812 580 880 647 Nec
898 603 975 646 vero
993 583 1102 667 negle-

66 671 202 757 agenda
224 674 275 735 est
296 671 394 754 fama,
415 692 474 734 nec
498 669 656 734 mediocre
679 670 781 734 telum
804 669 852 733 ad
867 691 919 734 res
945 670 1101 755 gerendas

94 759 281 824 existimare
306 761 435 842 oportet
458 757 711 822 benivolentiam
734 757 865 841 civium3
889 779 987 841 quam
1009 757 1102 823 blan·

94 847 185 911 ditiis
208 850 241 911 et
264 845 461 911 adsentando
486 845 640 930 colligere
662 849 756 929 turpe
780 850 844 929 est3
869 846 981 930 virtus,
1005 867 1102 929 quam

94 935 242 1019 sequitur
269 934 400 1017 caritas,
427 933 559 998 minime
582 933 779 1017 repudianda
802 937 860 997 est.
906 930 969 997 Sed
991 931 1101 1018 (saepe
1121 950 1156 1001 62

95 1023 182 1087 enim
205 1023 300 1087 redeo
324 1023 365 1086 ad
386 1019 577 1106 Scipionem,
600 1021 689 1087 cuius
713 1021 817 1086 omnis
841 1042 946 1085 sermo
971 1025 1040 1085 erat
1064 1022 1102 1085 de

59 1128 84 1170 ro
97 1109 255 1195 amicitia)
280 1111 483 1194 querebatur,
507 1109 592 1193 quod
616 1109 763 1173 omnibus
787 1109 821 1172 in
841 1109 936 1172 rebus
955 1108 1102 1173 homines

96 1198 319 1284 diligentiores
344 1201 465 1281 essent3
494 1218 609 1281 capras
633 1201 666 1261 et
688 1218 763 1261 oves
788 1200 867 1279 quot
891 1196 1025 1281 quisque
1048 1197 1103 1261 ha·

94 1286 201 1370 beret,
230 1287 333 1352 dicere
356 1307 464 1371 posse,
493 1285 614 1349 amicos
637 1288 717 1368 quot
739 1285 890 1368 haberet,
918 1306 984 1350 non
1006 1306 1102 1369 posse

95 1373 210 1457 dicere
234 1377 267 1438 et
289 1375 323 1438 in
345 1374 411 1438 illis
436 1373 564 1457 quidem
582 1373 734 1456 parandis
756 1373 908 1437 adhibere
927 1395 1046 1457 curam,
1069 1374 1104 1437 in

96 1462 209 1527 amicis
242 1461 398 1547 eligendis
430 1461 634 1547 neglegentis
666 1482 736 1525 esse
766 1483 825 1526 nec
857 1461 976 1524 habere
1011 1461 1104 1544 quasi

59 1550 193 1635 assigna
217 1550 373 1632 quaedam
397 1553 430 1613 et
451 1553 557 1633 notas,
580 1548 696 1633 quibus
720 1570 783 1627 eos,
808 1548 862 1632 qui
884 1549 924 1612 ad
944 1549 1103 1613 amicitias

95 1640 206 1702 essent
229 1636 345 1720 idonei,
367 1636 555 1701 iudicarent.
592 1634 673 1700 Sunt
691 1636 793 1720 igitur
810 1637 896 1700 firmi
917 1640 949 1700 et
968 1637 1104 1701 stabiles

94 1729 129 1790 et
158 1727 345 1788 constantes
374 1724 526 1808 eligendi,
557 1724 645 1787 cuius
674 1725 800 1808 generis
828 1728 878 1788 est
904 1746 1024 1810 magna
1051 1746 1104 1809 pe·

94 1812 199 1877 nuria.
244 1810 289 1875 Ec
316 1810 456 1875 iudicare
485 1810 615 1876 difficile
642 1815 692 1875 est
724 1833 800 1876 sane
827 1812 891 1876 nisi
924 1816 1105 1897 expertum3

97 1899 325 1985 experiendum
359 1902 467 1964 autem
499 1902 548 1962 est
575 1900 609 1963 in
636 1900 707 1983 ipsa
736 1900 887 1964 amicitia.
931 1899 984 1964 Ita
1011 1922 1105 1984 prae-

57 2006 83 2047 ω
96 1988 199 2054 currit
227 1986 372 2051 amicitia
398 1986 551 2051 iudicium
576 1988 729 2069 tollitque
757 1987 939 2070 experiendi
961 1991 1104 2070 potesta-

95 2080 172 2140 tem.
217 2073 279 2140 Est
306 2075 409 2160 igitur
435 2074 602 2158 prudentis
631 2074 788 2138 sustinere
815 2077 852 2136 ut
882 2095 1024 2156 cursum,
1058 2075 1104 2140 sio
1123 2091 1158 2142 sa

95 2164 254 2247 impetum
285 2161 539 2245 benivolentiae,
575 2161 599 2244 †
632 2183 694 2245 quo
727 2164 856 2224 utamur
889 2161 983 2246 quasi
1014 2162 1104 2244 equis

95 2250 284 2335 temptatis,
321 2250 366 2315 sic
399 2249 544 2314 amicitia
575 2271 614 2314 ex
646 2249 755 2333 aliqua
786 2252 880 2333 parte
911 2249 1105 2333 periclitatis

97 2339 241 2404 moribus
270 2339 456 2403 amicorum.
502 2336 638 2412 Quidam
667 2359 762 2422 saepe
785 2337 819 2401 in
846 2359 948 2422 parva
970 2338 1106 2423 pecunia

56 2442 83 2484 ss
96 2427 336 2512 perspiciuntur
364 2449 461 2510 quam
490 2425 555 2490 sint
583 2426 685 2509 leves,
713 2425 843 2509 quidam
872 2428 995 2508 autem,
1024 2448 1105 2509 quos

96 2537 200 2600 parva
217 2536 346 2580 movere
364 2537 430 2579 non
448 2514 564 2599 potuit,
583 2517 821 2598 cognoscuntur
839 2513 874 2578 in
892 2535 1019 2598 magna.
1048 2511 1106 2578 Sin

97 2605 193 2667 erunt
217 2603 318 2686 aliqui
339 2603 469 2686 reperti,
494 2603 548 2685 qui
570 2601 739 2686 pecuniam
762 2599 925 2685 praeferre
944 2601 1106 2666 amicitiae

96 2689 262 2754 sordidum
286 2690 480 2773 existiment,
503 2690 560 2753 ubi
579 2711 633 2754 eos
652 2689 860 2773 inveniemus,
884 2689 939 2772 qui
957 2689 1106 2773 honores,

95 2779 325 2862 magistratus,
352 2777 501 2862 imperia,
528 2780 721 2862 potestates,
750 2799 827 2861 opes
856 2776 1017 2842 amicitiae
1039 2799 1105 2842 non

54 2881 82 2924 ao
96 2869 312 2949 anteponant,
340 2870 390 2950 ut,
421 2888 493 2930 cum
521 2886 560 2929 ex
587 2866 691 2930 altera
717 2869 811 2950 parte
834 2865 1004 2949 proposita
1026 2865 1106 2930 haec

95 2954 176 3037 sint,
205 2974 244 3016 ex
266 2955 370 3018 altera
392 2954 442 3017 ius
467 2953 641 3037 amicitiae,
667 2975 735 3017 non
756 2953 861 3017 multo
884 2953 943 3016 illa
966 2953 1105 3017 malint?

94 3041 255 3107 Inbecilla
287 3041 372 3105 enim
404 3044 454 3105 est
485 3045 604 3106 natura
634 3041 674 3104 ad
702 3040 967 3114 contemnendam
994 3044 1106 3124 poten·

94 3129 191 3213 tiam3
220 3151 317 3212 quam
345 3129 473 3194 etiamsi
501 3129 651 3213 neglecta
679 3129 821 3193 amicitia
844 3128 1007 3193 consecuti
1031 3128 1105 3212 sint,

96 3217 306 3282 obscuratum
324 3217 365 3280 iri
385 3216 596 3299 arbitrantur,
616 3216 691 3300 quia
709 3237 774 3281 non
793 3216 861 3280 sine
876 3236 996 3300 magna
1010 3237 1107 3280 causa

54 3318 82 3360 ⁸⁶
96 3304 141 3368 sit
163 3306 314 3390 neglecta
337 3304 488 3370 amicitia.
533 3302 649 3387 Itaque
672 3325 766 3369 verae
795 3303 956 3368 amicitiae
981 3304 1106 3367 diffieil-
1126 3319 1160 3370 ⁶⁴

94 3392 172 3456 lime
191 3393 397 3476 reperiuntur
415 3392 517 3476 iniis,
537 3392 592 3475 qui
610 3392 644 3455 in
662 3390 840 3456 honoribus
859 3413 956 3475 reque
975 3392 1107 3476 publica

93 3483 281 3564 versantur3
317 3481 374 3546 ubi
410 3480 496 3544 enim
528 3480 628 3544 istum
661 3480 821 3564 invenias,
858 3479 914 3563 qui
949 3479 1105 3544 honorem
