2430 3990
163 161 226 224 132
404 160 497 216 CATO
515 161 632 217 MAIOR
649 161 698 216 Du
718 161 931 217 sannorum

161 325 257 404 teque
279 343 345 386 non
373 343 552 408 cognomen
579 323 685 388 solum
712 321 851 386 Athenis
880 322 1082 406 deportasse,
1111 323 1167 387 scd

161 409 346 474 humanitat
312 413 459 474 atteme
486 410 722 495 prudentiam
713 432 747 476 m
748 411 968 511 tellego.t
924 409 1010 474 Ett
995 413 1166 475 tteamen

163 496 308 581 suspicor
345 497 464 561 eisdem
496 498 593 562 rebus
630 498 745 581 quibus
777 519 829 560 me
860 497 968 581 ipsum
1003 497 1166 562 interdum

162 584 294 668 gravius
317 584 525 668 commoveri,
554 606 689 668 quarum
717 584 896 651 consolatio
924 588 956 649 et
983 585 1087 649 maior
1115 589 1166 649 est

162 671 251 735 etin
275 670 363 735 aliud
384 674 513 756 tempus
537 671 718 736 differenda
750 671 845 736 Nunc
864 675 972 736 autem
990 672 1096 737 risum
1115 676 1165 737 est

127 774 143 823 ι
162 757 242 822 mihi
267 757 305 822 de
324 762 453 823 seneen
432 763 487 823 ute
506 758 628 842 aliquid
646 758 687 822 ad
700 762 733 823 te
748 759 956 824 conscribere.
989 759 1059 824 Hoc
1080 760 1166 824 enim

162 868 271 929 onere,
304 847 389 929 quod
411 846 492 911 mihi
519 867 687 911 commune
715 849 821 911 tecum
844 849 907 930 est,
940 851 996 910 aut
1021 847 1088 910 iam
1115 869 1166 911 ur-

163 933 270 1018 gentis
284 937 341 998 aut
355 937 441 998 certe
456 933 661 999 adventantis
676 932 851 998 senectutis
865 937 897 997 et
912 937 944 997 te
959 938 992 998 et
1004 955 1055 998 me
1066 934 1165 999 etiam

162 1024 269 1105 ipsum
292 1021 395 1087 levari
421 1022 511 1105 volo;
543 1021 605 1085 etsi
631 1025 664 1085 te
694 1021 822 1104 quidem
844 1018 877 1084 id
905 1021 1028 1086 modice
1052 1043 1089 1086 ao
1117 1044 1165 1087 sa·

162 1109 288 1192 pienter
307 1109 390 1173 sicut
408 1109 518 1173 omnia
536 1111 569 1172 st
585 1107 670 1172 ferre
689 1112 722 1172 et
739 1108 882 1172 laturum
902 1129 972 1173 csse
986 1113 1074 1175 certo
1089 1110 1164 1175 scio.

163 1194 226 1261 Sed
248 1195 342 1279 mihi,
373 1217 445 1260 cum
474 1195 512 1259 de
540 1198 703 1260 senectute
725 1196 843 1261 vellem
871 1196 994 1279 aliquid
1017 1197 1165 1280 scribere,

161 1287 199 1348 ιιι
219 1283 408 1356 occurrebas
427 1283 543 1368 dignus
563 1304 600 1347 eo
619 1304 759 1366 munere,
783 1305 846 1366 quo
864 1287 999 1367 uterque
1017 1288 1165 1349 nostrum

163 1370 375 1436 communiter
397 1373 551 1434 uteretur.
588 1368 669 1434 Mihi
693 1369 821 1453 quidem
844 1370 892 1434 ita
914 1371 1052 1436 iucunda
1069 1372 1165 1436 huius

163 1458 239 1523 libri
266 1457 424 1523 confectio
451 1457 528 1541 fuit,
559 1461 682 1522 utnon
709 1456 805 1522 modo
837 1478 947 1521 omnes
976 1459 1166 1524 absterserit

163 1545 337 1611 senectutis
370 1545 550 1629 molestias,
587 1544 642 1609 sed
675 1543 815 1609 effecerit
842 1545 973 1610 mollem
1002 1546 1101 1611 etiam
1134 1553 1166 1612 et

163 1633 335 1698 iucundam
366 1636 572 1698 senectutem.
621 1631 807 1716 Numquam
835 1632 936 1717 igitur
964 1633 1060 1718 digne
1085 1634 1166 1698 satis

163 1722 289 1786 laudari
302 1720 510 1805 philosophia
528 1719 658 1805 poterit,
681 1719 731 1785 cui
755 1719 810 1804 qui
829 1723 956 1805 pareat,
975 1743 1069 1786 omne
1088 1725 1167 1786 tem·

128 1824 223 1893 spus
252 1808 370 1873 aetatis
398 1807 467 1872 sins
494 1808 646 1872 molestia
672 1807 778 1891 possit
802 1806 926 1893 degere.
972 1806 1034 1874 Sed
1058 1808 1096 1873 dc
1119 1831 1166 1874 ce·

162 1897 241 1960 teris
265 1899 298 1960 et
321 1895 458 1959 diximus
481 1896 586 1959 multa
604 1899 636 1959 et
655 1916 751 1979 saepe
770 1895 925 1979 dicemus3
947 1895 1032 1961 hunc
1045 1896 1166 1961 librum

163 1985 204 2048 ad
221 1988 254 2048 te
276 1983 314 2048 de
333 1985 495 2048 senectute
514 1982 669 2047 misimus.
701 1981 837 2047 Omnem
856 1986 965 2048 autem
983 2004 1165 2049 sermonem

162 2072 336 2137 tribuimus
363 2093 429 2136 non
452 2070 606 2154 Tithono,
634 2073 671 2135 ιιι
693 2069 806 2136 Aristo
829 2067 906 2136 (iius
929 2069 1058 2155 (parum
1082 2072 1167 2136 enim

164 2164 249 2225 esset
274 2159 478 2224 auctoritatis
501 2159 536 2223 in
557 2156 693 2244 fabula),
716 2159 772 2224 sed
794 2157 837 2223 M.
861 2155 979 2224 Catoni
1002 2158 1079 2242 seni,
1103 2181 1167 2242 quo

163 2248 320 2312 maiorem
339 2247 567 2311 auctoritatem
580 2246 717 2310 haberet
733 2246 852 2329 orati03
875 2245 960 2330 apud
979 2266 1074 2329 quem
1088 2246 1166 2311 Lae-

162 2334 243 2398 lium
267 2338 299 2397 et
322 2331 504 2417 Scipionem
526 2331 662 2398 facimus
691 2333 901 2416 admirantes,
930 2333 1016 2416 quod
1041 2333 1112 2397 ist
1098 2338 1167 2399 tam

162 2421 257 2486 facile
276 2424 405 2486 senecta
407 2424 472 2486 tem
407 2420 571 2485 ttfera
556 2421 707 2504 t,eisque
726 2441 799 2485 eum
817 2422 1073 2505 respondentem.
1106 2421 1199 2497 Quis

164 2509 192 2574 si
216 2508 371 2574 eruditius
393 2508 555 2574 videbitur
583 2508 760 2592 disputare,
788 2526 884 2592 quam
907 2509 1106 2575 consuevit
1097 2532 1167 2595 ipse

163 2597 287 2660 msuis
310 2596 413 2680 libris,
436 2595 607 2660 attribuito
631 2596 672 2660 lit
657 2596 752 2660 tteris
774 2593 913 2680 Graecis,
937 2618 1074 2680 quarum
1094 2619 1168 2663 con-

164 2688 231 2748 stat
255 2705 326 2748 eum
350 2683 588 2768 perstudiosum
610 2681 742 2747 fuisse
733 2704 767 2746 1n
791 2646 962 2748 senectirte.
1004 2682 1066 2748 Sed
1090 2686 1168 2769 quid

164 2793 244 2856 opus
268 2775 318 2836 est
340 2708 456 2855 pplura‘?
487 2769 559 2836 lam
588 2770 673 2835 enim
700 2770 801 2855 ipsius
825 2769 993 2836 Catonis
982 2792 1087 2837 sermo
1116 2795 1167 2837 ex·

123 2859 300 3042 2ιιιιοὲιιιι
322 2862 468 3010 nosSram
492 2879 619 2923 omnem
643 2858 815 3009 dedsencct
813 2862 867 2922 ute
877 2859 1095 3010 1εοιιιοιιιιιΙιῙιι
1134 2946 1168 3013 O
1181 2878 1202 2918 s

249 2945 328 3012 cmo
402 2967 480 3031 aepe
503 2966 636 3011 numero
664 2968 684 3010 a
706 2968 816 3010 mrrarr
839 2968 875 3011 so
891 2967 928 3011 eo
952 2969 1024 3012 cum
1071 2967 1109 3012 oc

128 2993 275 3100 4Laelio
303 3055 375 3100 cum
406 3037 585 3100 ceterarum
614 3055 722 3098 rerum
754 3037 845 3098 tuam
877 3034 1102 3119 excellentem,
1125 3034 1168 3099 M.

164 3119 269 3206 (lato,
278 3120 517 3206 perfectamque
536 3120 737 3205 sapientiam,
756 3124 825 3186 tum
844 3123 896 3186 vel
914 3122 1062 3223 maxime,
1082 3123 1170 3205 quod

163 3231 339 3292 numquam
362 3209 424 3274 tibi
445 3211 640 3274 senectutem
660 3229 791 3294 gravem
811 3229 880 3274 esse
899 3210 1064 3294 senserim,
1085 3231 1169 3293 quae

106 3297 327 3382 plerisque
354 3297 483 3363 senibus
512 3296 558 3362 sic
585 3296 696 3362 odiosa
723 3301 786 3380 est,
817 3300 854 3361 ut
886 3318 966 3363 onus
997 3318 1031 3363 se
1058 3296 1169 3363 Aetna

165 3385 295 3471 gravius
320 3386 427 3451 dicant
413 3390 504 3450 tsns
506 3385 616 3450 tinere.

230 3472 317 3540 Orno
358 3473 439 3540 Rem
461 3473 548 3539 haud
571 3494 647 3538 sane
676 3471 852 3558 difficilem,
879 3469 987 3558 Scipio
1011 3476 1043 3537 et
1065 3472 1168 3553 Laeli,
