<?xml version="1.0" encoding="UTF-8"?>
<!DOCTYPE html PUBLIC "-//W3C//DTD XHTML 1.0 Transitional//EN"
    "http://www.w3.org/TR/xhtml1/DTD/xhtml1-transitional.dtd">
<html xmlns="http://www.w3.org/1999/xhtml" xml:lang="en" lang="en">
 <head>
  <title>
</title>
<meta http-equiv="Content-Type" content="text/html;charset=utf-8" />
  <meta name='ocr-system' content='tesseract 3.04.00' />
  <meta name='ocr-capabilities' content='ocr_page ocr_carea ocr_par ocr_line ocrx_word'/>
</head>
<body>
  <div class='ocr_page' id='page_1' title='image "./mtulliiciceroni42cicegoog/mtulliiciceroni42cicegoog_0031.png"; bbox 0 0 2430 3990; ppageno 0'>
   <div class='ocr_carea' id='block_1_1' title="bbox 170 164 935 230">
    <p class='ocr_par' dir='ltr' id='par_1_1' title="bbox 170 164 935 230">
     <span class='ocr_line' id='line_1_1' title="bbox 170 164 935 230; baseline -0.017 0"><span class='ocrx_word' id='word_1_1' title='bbox 170 167 232 230; x_wconf 86' lang='grc'>156</span> <span class='ocrx_word' id='word_1_2' title='bbox 382 164 389 173; x_wconf 58' lang='lat'><strong>⁴</strong></span> <span class='ocrx_word' id='word_1_3' title='bbox 406 165 499 220; x_wconf 80' lang='lat' dir='ltr'>CATO</span> <span class='ocrx_word' id='word_1_4' title='bbox 518 164 636 219; x_wconf 82' lang='lat' dir='ltr'>MAIOR</span> <span class='ocrx_word' id='word_1_5' title='bbox 654 165 703 218; x_wconf 82' lang='lat' dir='ltr'>DE</span> <span class='ocrx_word' id='word_1_6' title='bbox 723 165 935 220; x_wconf 81' lang='lat' dir='ltr'>SENECTUTE</span> 
     </span>
    </p>
   </div>
   <div class='ocr_carea' id='block_1_2' title="bbox 115 326 1202 3565">
    <p class='ocr_par' dir='ltr' id='par_1_2' title="bbox 115 326 1202 3565">
     <span class='ocr_line' id='line_1_2' title="bbox 168 326 1177 410; baseline 0.002 -20"><span class='ocrx_word' id='word_1_7' title='bbox 168 327 354 391; x_wconf 90' lang='lat' dir='ltr'>diuturnum</span> <span class='ocrx_word' id='word_1_8' title='bbox 378 326 507 410; x_wconf 92' lang='lat' dir='ltr'>quidem</span> <span class='ocrx_word' id='word_1_9' title='bbox 531 329 702 410; x_wconf 90' lang='lat' dir='ltr'>quicquam</span> <span class='ocrx_word' id='word_1_10' title='bbox 729 326 870 409; x_wconf 81' lang='lat' dir='ltr'>uidetur,</span> <span class='ocrx_word' id='word_1_11' title='bbox 900 326 1021 410; x_wconf 88' lang='lat' dir='ltr'>inquo</span> <span class='ocrx_word' id='word_1_12' title='bbox 1046 329 1098 390; x_wconf 89' lang='lat' dir='ltr'>est</span> <span class='ocrx_word' id='word_1_13' title='bbox 1124 326 1177 392; x_wconf 87' lang='lat' dir='ltr'>ali·</span> 
     </span>
     <span class='ocr_line' id='line_1_3' title="bbox 168 413 1178 515; baseline 0.001 -36"><span class='ocrx_word' id='word_1_14' title='bbox 168 415 245 498; x_wconf 90' lang='lat' dir='ltr'>quid</span> <span class='ocrx_word' id='word_1_15' title='bbox 264 418 451 515; x_wconf 71' lang='lat' dir='ltr'>extremum.</span> <span class='ocrx_word' id='word_1_16' title='bbox 488 413 570 480; x_wconf 82' lang='lat' dir='ltr'>Cum</span> <span class='ocrx_word' id='word_1_17' title='bbox 584 415 670 479; x_wconf 91' lang='lat' dir='ltr'>enim</span> <span class='ocrx_word' id='word_1_18' title='bbox 684 415 718 478; x_wconf 92' lang='lat' dir='ltr'>id</span> <span class='ocrx_word' id='word_1_19' title='bbox 732 414 871 496; x_wconf 88' lang='lat' dir='ltr'>advenit,</span> <span class='ocrx_word' id='word_1_20' title='bbox 890 417 960 478; x_wconf 94' lang='lat' dir='ltr'>tum</span> <span class='ocrx_word' id='word_1_21' title='bbox 978 413 1070 496; x_wconf 85' lang='lat' dir='ltr'>illud,</span> <span class='ocrx_word' id='word_1_22' title='bbox 1093 415 1178 498; x_wconf 89' lang='lat' dir='ltr'>quod</span> 
     </span>
     <span class='ocr_line' id='line_1_4' title="bbox 166 501 1178 586; baseline 0.004 -22"><span class='ocrx_word' id='word_1_23' title='bbox 166 507 348 586; x_wconf 91' lang='lat' dir='ltr'>praeternt‚</span> <span class='ocrx_word' id='word_1_24' title='bbox 376 502 514 586; x_wconf 83' lang='lat' dir='ltr'>effluxit3</span> <span class='ocrx_word' id='word_1_25' title='bbox 543 505 672 566; x_wconf 88' lang='lat' dir='ltr'>tantum</span> <span class='ocrx_word' id='word_1_26' title='bbox 699 505 857 586; x_wconf 78' lang='lat' dir='ltr'><strong>remanet,</strong></span> <span class='ocrx_word' id='word_1_27' title='bbox 885 501 971 584; x_wconf 92' lang='lat' dir='ltr'>quod</span> <span class='ocrx_word' id='word_1_28' title='bbox 998 501 1123 566; x_wconf 85' lang='lat' dir='ltr'>virtute</span> <span class='ocrx_word' id='word_1_29' title='bbox 1148 506 1178 568; x_wconf 89' lang='lat' dir='ltr'>et</span> 
     </span>
     <span class='ocr_line' id='line_1_5' title="bbox 167 589 1178 690; baseline 0.002 -37"><span class='ocrx_word' id='word_1_30' title='bbox 167 593 253 690; x_wconf 76' lang='lat' dir='ltr'>recte</span> <span class='ocrx_word' id='word_1_31' title='bbox 280 589 376 653; x_wconf 85' lang='lat' dir='ltr'>factis</span> <span class='ocrx_word' id='word_1_32' title='bbox 405 593 594 655; x_wconf 87' lang='lat' dir='ltr'>consecutus</span> <span class='ocrx_word' id='word_1_33' title='bbox 623 589 681 673; x_wconf 80' lang='lat' dir='ltr'>sis3</span> <span class='ocrx_word' id='word_1_34' title='bbox 713 590 813 660; x_wconf 91' lang='lat' dir='ltr'>horae</span> <span class='ocrx_word' id='word_1_35' title='bbox 841 589 970 672; x_wconf 90' lang='lat' dir='ltr'>quidem</span> <span class='ocrx_word' id='word_1_36' title='bbox 997 589 1119 654; x_wconf 85' lang='lat' dir='ltr'>cedunt</span> <span class='ocrx_word' id='word_1_37' title='bbox 1148 594 1178 656; x_wconf 88' lang='lat' dir='ltr'>et</span> 
     </span>
     <span class='ocr_line' id='line_1_6' title="bbox 168 677 1179 778; baseline 0.003 -37"><span class='ocrx_word' id='word_1_38' title='bbox 168 677 235 741; x_wconf 80' lang='lat' dir='ltr'>dies</span> <span class='ocrx_word' id='word_1_39' title='bbox 259 679 292 741; x_wconf 90' lang='lat' dir='ltr'>et</span> <span class='ocrx_word' id='word_1_40' title='bbox 314 698 440 778; x_wconf 83' lang='lat' dir='ltr'>menses</span> <span class='ocrx_word' id='word_1_41' title='bbox 463 680 497 741; x_wconf 89' lang='lat' dir='ltr'>et</span> <span class='ocrx_word' id='word_1_42' title='bbox 520 677 609 758; x_wconf 89' lang='lat' dir='ltr'>anni,</span> <span class='ocrx_word' id='word_1_43' title='bbox 637 699 695 741; x_wconf 91' lang='lat' dir='ltr'>nec</span> <span class='ocrx_word' id='word_1_44' title='bbox 722 677 934 760; x_wconf 89' lang='lat' dir='ltr'>praeteritum</span> <span class='ocrx_word' id='word_1_45' title='bbox 957 680 1086 762; x_wconf 90' lang='lat' dir='ltr'>tempus</span> <span class='ocrx_word' id='word_1_46' title='bbox 1111 701 1179 744; x_wconf 91' lang='lat' dir='ltr'>um·</span> 
     </span>
     <span class='ocr_line' id='line_1_7' title="bbox 168 763 1180 866; baseline 0.004 -37"><span class='ocrx_word' id='word_1_47' title='bbox 168 786 265 866; x_wconf 82' lang='lat' dir='ltr'>quam</span> <span class='ocrx_word' id='word_1_48' title='bbox 283 769 465 848; x_wconf 81' lang='lat' dir='ltr'>revertitur,</span> <span class='ocrx_word' id='word_1_49' title='bbox 483 786 550 848; x_wconf 90' lang='lat' dir='ltr'>nec,</span> <span class='ocrx_word' id='word_1_50' title='bbox 575 763 652 847; x_wconf 91' lang='lat' dir='ltr'>quid</span> <span class='ocrx_word' id='word_1_51' title='bbox 671 769 833 847; x_wconf 87' lang='lat' dir='ltr'>sequatur,</span> <span class='ocrx_word' id='word_1_52' title='bbox 852 766 927 830; x_wconf 89' lang='lat' dir='ltr'>sciri</span> <span class='ocrx_word' id='word_1_53' title='bbox 944 768 1066 849; x_wconf 84' lang='lat' dir='ltr'>potest3</span> <span class='ocrx_word' id='word_1_54' title='bbox 1092 767 1180 849; x_wconf 92' lang='lat' dir='ltr'>quod</span> 
     </span>
     <span class='ocr_line' id='line_1_8' title="bbox 167 851 1180 936; baseline 0.002 -19"><span class='ocrx_word' id='word_1_55' title='bbox 167 873 282 935; x_wconf 84' lang='lat' dir='ltr'>curque</span> <span class='ocrx_word' id='word_1_56' title='bbox 309 852 466 936; x_wconf 90' lang='lat' dir='ltr'>temporis</span> <span class='ocrx_word' id='word_1_57' title='bbox 495 852 535 916; x_wconf 91' lang='lat' dir='ltr'>ad</span> <span class='ocrx_word' id='word_1_58' title='bbox 562 851 735 916; x_wconf 81' lang='lat' dir='ltr'>vivendum</span> <span class='ocrx_word' id='word_1_59' title='bbox 768 853 876 936; x_wconf 87' lang='lat' dir='ltr'>datur,</span> <span class='ocrx_word' id='word_1_60' title='bbox 908 874 945 917; x_wconf 88' lang='lat' dir='ltr'>eo</span> <span class='ocrx_word' id='word_1_61' title='bbox 979 853 1074 917; x_wconf 87' lang='lat' dir='ltr'>debet</span> <span class='ocrx_word' id='word_1_62' title='bbox 1108 875 1180 920; x_wconf 90' lang='lat' dir='ltr'>esse</span> 
     </span>
     <span class='ocr_line' id='line_1_9' title="bbox 116 939 1180 1026; baseline 0.002 -21"><span class='ocrx_word' id='word_1_63' title='bbox 116 957 148 1005; x_wconf 75' lang='lat'>70</span> <span class='ocrx_word' id='word_1_64' title='bbox 167 944 347 1005; x_wconf 89' lang='lat' dir='ltr'>contentus.</span> <span class='ocrx_word' id='word_1_65' title='bbox 400 939 514 1023; x_wconf 84' lang='lat' dir='ltr'>Neque</span> <span class='ocrx_word' id='word_1_66' title='bbox 547 941 632 1003; x_wconf 90' lang='lat' dir='ltr'>enim</span> <span class='ocrx_word' id='word_1_67' title='bbox 663 939 829 1023; x_wconf 78' lang='lat' dir='ltr'>histridni,</span> <span class='ocrx_word' id='word_1_68' title='bbox 865 945 903 1004; x_wconf 92' lang='lat' dir='ltr'>ut</span> <span class='ocrx_word' id='word_1_69' title='bbox 933 941 1075 1025; x_wconf 88' lang='lat' dir='ltr'>placeat,</span> <span class='ocrx_word' id='word_1_70' title='bbox 1108 964 1180 1026; x_wconf 89' lang='lat' dir='ltr'>per·</span> 
     </span>
     <span class='ocr_line' id='line_1_10' title="bbox 168 1027 1180 1114; baseline 0.002 -22"><span class='ocrx_word' id='word_1_71' title='bbox 168 1029 293 1114; x_wconf 84' lang='lat' dir='ltr'>agenda</span> <span class='ocrx_word' id='word_1_72' title='bbox 315 1027 428 1094; x_wconf 87' lang='lat' dir='ltr'>fabula</span> <span class='ocrx_word' id='word_1_73' title='bbox 451 1030 514 1111; x_wconf 85' lang='lat' dir='ltr'>est,</span> <span class='ocrx_word' id='word_1_74' title='bbox 541 1027 651 1110; x_wconf 85' lang='lat' dir='ltr'>modo,</span> <span class='ocrx_word' id='word_1_75' title='bbox 681 1027 716 1090; x_wconf 91' lang='lat' dir='ltr'>in</span> <span class='ocrx_word' id='word_1_76' title='bbox 743 1049 943 1111; x_wconf 89' lang='lat' dir='ltr'>quocumque</span> <span class='ocrx_word' id='word_1_77' title='bbox 966 1027 1065 1092; x_wconf 84' lang='lat' dir='ltr'>fuerit</span> <span class='ocrx_word' id='word_1_78' title='bbox 1094 1033 1180 1114; x_wconf 77' lang='lat' dir='ltr'>actu,</span> 
     </span>
     <span class='ocr_line' id='line_1_11' title="bbox 166 1115 1179 1211; baseline 0.001 -30"><span class='ocrx_word' id='word_1_79' title='bbox 166 1118 336 1211; x_wconf 74' lang='lat' dir='ltr'><strong>probetur,</strong></span> <span class='ocrx_word' id='word_1_80' title='bbox 362 1138 466 1199; x_wconf 86' lang='lat' dir='ltr'>neque</span> <span class='ocrx_word' id='word_1_81' title='bbox 494 1115 634 1201; x_wconf 77' lang='lat' dir='ltr'>sapienti</span> <span class='ocrx_word' id='word_1_82' title='bbox 660 1137 762 1199; x_wconf 89' lang='lat' dir='ltr'>usque</span> <span class='ocrx_word' id='word_1_83' title='bbox 790 1115 830 1179; x_wconf 91' lang='lat' dir='ltr'>ad</span> <span class='ocrx_word' id='word_1_84' title='bbox 853 1115 1025 1180; x_wconf 81' lang='lat' dir='ltr'>‘Plaudite&#39;</span> <span class='ocrx_word' id='word_1_85' title='bbox 1049 1118 1179 1182; x_wconf 84' lang='lat' dir='ltr'>venien·</span> 
     </span>
     <span class='ocr_line' id='line_1_12' title="bbox 168 1203 1180 1290; baseline 0.003 -22"><span class='ocrx_word' id='word_1_86' title='bbox 168 1205 244 1269; x_wconf 88' lang='lat' dir='ltr'>dum</span> <span class='ocrx_word' id='word_1_87' title='bbox 272 1206 330 1268; x_wconf 90' lang='lat' dir='ltr'>est.</span> <span class='ocrx_word' id='word_1_88' title='bbox 376 1204 480 1268; x_wconf 80' lang='lat' dir='ltr'>Breve</span> <span class='ocrx_word' id='word_1_89' title='bbox 508 1203 593 1267; x_wconf 90' lang='lat' dir='ltr'>enim</span> <span class='ocrx_word' id='word_1_90' title='bbox 621 1207 748 1286; x_wconf 88' lang='lat' dir='ltr'>tempus</span> <span class='ocrx_word' id='word_1_91' title='bbox 777 1204 894 1268; x_wconf 89' lang='lat' dir='ltr'>aetatis</span> <span class='ocrx_word' id='word_1_92' title='bbox 928 1204 1007 1267; x_wconf 91' lang='lat' dir='ltr'>satis</span> <span class='ocrx_word' id='word_1_93' title='bbox 1040 1205 1180 1290; x_wconf 83' lang='lat' dir='ltr'>longum</span> 
     </span>
     <span class='ocr_line' id='line_1_13' title="bbox 168 1290 1180 1376; baseline 0.003 -21"><span class='ocrx_word' id='word_1_94' title='bbox 168 1295 218 1355; x_wconf 89' lang='lat' dir='ltr'>est</span> <span class='ocrx_word' id='word_1_95' title='bbox 241 1290 282 1354; x_wconf 92' lang='lat' dir='ltr'>ad</span> <span class='ocrx_word' id='word_1_96' title='bbox 300 1290 380 1354; x_wconf 90' lang='lat' dir='ltr'>bene</span> <span class='ocrx_word' id='word_1_97' title='bbox 401 1290 600 1373; x_wconf 77' lang='lat' dir='ltr'>honesteque</span> <span class='ocrx_word' id='word_1_98' title='bbox 618 1291 804 1374; x_wconf 82' lang='lat' dir='ltr'>vivendum3</span> <span class='ocrx_word' id='word_1_99' title='bbox 827 1292 878 1355; x_wconf 91' lang='lat' dir='ltr'>sin</span> <span class='ocrx_word' id='word_1_100' title='bbox 895 1291 1091 1376; x_wconf 89' lang='lat' dir='ltr'>processerit</span> <span class='ocrx_word' id='word_1_101' title='bbox 1111 1294 1180 1358; x_wconf 91' lang='lat' dir='ltr'>lon·</span> 
     </span>
     <span class='ocr_line' id='line_1_14' title="bbox 168 1377 1180 1478; baseline 0.003 -36"><span class='ocrx_word' id='word_1_102' title='bbox 168 1380 250 1464; x_wconf 83' lang='lat' dir='ltr'>gius,</span> <span class='ocrx_word' id='word_1_103' title='bbox 272 1399 338 1478; x_wconf 85' lang='lat' dir='ltr'>non</span> <span class='ocrx_word' id='word_1_104' title='bbox 360 1379 466 1478; x_wconf 74' lang='lat' dir='ltr'>magis</span> <span class='ocrx_word' id='word_1_105' title='bbox 490 1377 663 1441; x_wconf 90' lang='lat' dir='ltr'>dolendum</span> <span class='ocrx_word' id='word_1_106' title='bbox 686 1382 744 1461; x_wconf 89' lang='lat' dir='ltr'>est,</span> <span class='ocrx_word' id='word_1_107' title='bbox 768 1400 865 1461; x_wconf 92' lang='lat' dir='ltr'>quam</span> <span class='ocrx_word' id='word_1_108' title='bbox 884 1380 1046 1463; x_wconf 80' lang='lat' dir='ltr'>agricolae</span> <span class='ocrx_word' id='word_1_109' title='bbox 1065 1379 1180 1446; x_wconf 88' lang='lat' dir='ltr'>dolent</span> 
     </span>
     <span class='ocr_line' id='line_1_15' title="bbox 167 1465 1181 1550; baseline 0.002 -20"><span class='ocrx_word' id='word_1_110' title='bbox 167 1469 345 1550; x_wconf 83' lang='lat' dir='ltr'>praetenta</span> <span class='ocrx_word' id='word_1_111' title='bbox 372 1487 463 1530; x_wconf 80' lang='lat' dir='ltr'>verm</span> <span class='ocrx_word' id='word_1_112' title='bbox 490 1465 647 1549; x_wconf 91' lang='lat' dir='ltr'>temporis</span> <span class='ocrx_word' id='word_1_113' title='bbox 676 1465 837 1529; x_wconf 89' lang='lat' dir='ltr'>suavitate</span> <span class='ocrx_word' id='word_1_114' title='bbox 866 1470 1023 1530; x_wconf 75' lang='lat' dir='ltr'>aestatem</span> <span class='ocrx_word' id='word_1_115' title='bbox 1051 1472 1181 1533; x_wconf 87' lang='lat' dir='ltr'>autum·</span> 
     </span>
     <span class='ocr_line' id='line_1_16' title="bbox 167 1550 1180 1654; baseline 0.004 -37"><span class='ocrx_word' id='word_1_116' title='bbox 167 1575 307 1654; x_wconf 84' lang='lat' dir='ltr'>numque</span> <span class='ocrx_word' id='word_1_117' title='bbox 339 1553 474 1618; x_wconf 82' lang='lat' dir='ltr'>venisse.</span> <span class='ocrx_word' id='word_1_118' title='bbox 518 1550 586 1616; x_wconf 83' lang='lat' dir='ltr'>Ver</span> <span class='ocrx_word' id='word_1_119' title='bbox 613 1552 698 1616; x_wconf 89' lang='lat' dir='ltr'>enim</span> <span class='ocrx_word' id='word_1_120' title='bbox 728 1557 895 1636; x_wconf 81' lang='lat' dir='ltr'>tamquam</span> <span class='ocrx_word' id='word_1_121' title='bbox 923 1554 1180 1622; x_wconf 85' lang='lat' dir='ltr'>adulescentiam</span> 
     </span>
     <span class='ocr_line' id='line_1_17' title="bbox 169 1639 1181 1725; baseline 0.006 -21"><span class='ocrx_word' id='word_1_122' title='bbox 169 1642 331 1725; x_wconf 78' lang='lat' dir='ltr'>srgnrficat</span> <span class='ocrx_word' id='word_1_123' title='bbox 359 1640 564 1724; x_wconf 86' lang='lat' dir='ltr'>ostenditque</span> <span class='ocrx_word' id='word_1_124' title='bbox 592 1639 716 1704; x_wconf 84' lang='lat' dir='ltr'>fructus</span> <span class='ocrx_word' id='word_1_125' title='bbox 744 1640 885 1724; x_wconf 81' lang='lat' dir='ltr'>futuros,</span> <span class='ocrx_word' id='word_1_126' title='bbox 914 1641 1039 1724; x_wconf 89' lang='lat' dir='ltr'>reliqua</span> <span class='ocrx_word' id='word_1_127' title='bbox 1066 1647 1181 1710; x_wconf 90' lang='lat' dir='ltr'>autem</span> 
     </span>
     <span class='ocr_line' id='line_1_18' title="bbox 169 1727 1180 1814; baseline 0.006 -22"><span class='ocrx_word' id='word_1_128' title='bbox 169 1733 316 1811; x_wconf 85' lang='lat' dir='ltr'>tempora</span> <span class='ocrx_word' id='word_1_129' title='bbox 344 1729 540 1792; x_wconf 89' lang='lat' dir='ltr'>demetendis</span> <span class='ocrx_word' id='word_1_130' title='bbox 568 1727 727 1792; x_wconf 86' lang='lat' dir='ltr'>fructibus</span> <span class='ocrx_word' id='word_1_131' title='bbox 756 1731 789 1792; x_wconf 90' lang='lat' dir='ltr'>et</span> <span class='ocrx_word' id='word_1_132' title='bbox 814 1729 1027 1814; x_wconf 83' lang='lat' dir='ltr'>percipiendis</span> <span class='ocrx_word' id='word_1_133' title='bbox 1054 1751 1180 1798; x_wconf 86' lang='lat' dir='ltr'>accom-</span> 
     </span>
     <span class='ocr_line' id='line_1_19' title="bbox 116 1814 1180 1916; baseline 0.007 -37"><span class='ocrx_word' id='word_1_134' title='bbox 116 1831 148 1879; x_wconf 77' lang='lat'>&#39;11</span> <span class='ocrx_word' id='word_1_135' title='bbox 168 1816 299 1916; x_wconf 84' lang='lat' dir='ltr'>modata</span> <span class='ocrx_word' id='word_1_136' title='bbox 323 1819 407 1879; x_wconf 90' lang='lat' dir='ltr'>sunt.</span> <span class='ocrx_word' id='word_1_137' title='bbox 446 1814 584 1879; x_wconf 83' lang='lat' dir='ltr'>Fructus</span> <span class='ocrx_word' id='word_1_138' title='bbox 609 1818 717 1879; x_wconf 86' lang='lat' dir='ltr'>autem</span> <span class='ocrx_word' id='word_1_139' title='bbox 740 1817 915 1880; x_wconf 82' lang='lat' dir='ltr'>senectutis</span> <span class='ocrx_word' id='word_1_140' title='bbox 939 1821 997 1898; x_wconf 87' lang='lat' dir='ltr'>est,</span> <span class='ocrx_word' id='word_1_141' title='bbox 1020 1820 1056 1881; x_wconf 93' lang='lat' dir='ltr'>ut</span> <span class='ocrx_word' id='word_1_142' title='bbox 1080 1841 1180 1904; x_wconf 88' lang='lat' dir='ltr'>saepe</span> 
     </span>
     <span class='ocr_line' id='line_1_20' title="bbox 170 1903 1180 1986; baseline 0.005 -19"><span class='ocrx_word' id='word_1_143' title='bbox 170 1903 243 1985; x_wconf 85' lang='lat' dir='ltr'>dun,</span> <span class='ocrx_word' id='word_1_144' title='bbox 263 1905 337 1966; x_wconf 90' lang='lat' dir='ltr'>ante</span> <span class='ocrx_word' id='word_1_145' title='bbox 350 1906 520 1985; x_wconf 89' lang='lat' dir='ltr'>partorum</span> <span class='ocrx_word' id='word_1_146' title='bbox 534 1903 694 1967; x_wconf 91' lang='lat' dir='ltr'>bonorum</span> <span class='ocrx_word' id='word_1_147' title='bbox 708 1904 864 1967; x_wconf 87' lang='lat' dir='ltr'>memoria</span> <span class='ocrx_word' id='word_1_148' title='bbox 878 1906 911 1966; x_wconf 89' lang='lat' dir='ltr'>et</span> <span class='ocrx_word' id='word_1_149' title='bbox 925 1904 1026 1986; x_wconf 92' lang='lat' dir='ltr'>copia.</span> <span class='ocrx_word' id='word_1_150' title='bbox 1059 1903 1180 1972; x_wconf 90' lang='lat' dir='ltr'>Omnia</span> 
     </span>
     <span class='ocr_line' id='line_1_21' title="bbox 168 1990 1179 2092; baseline 0.005 -37"><span class='ocrx_word' id='word_1_151' title='bbox 168 1994 291 2092; x_wconf 84' lang='lat' dir='ltr'>autem,</span> <span class='ocrx_word' id='word_1_152' title='bbox 319 2011 400 2074; x_wconf 90' lang='lat' dir='ltr'>quae</span> <span class='ocrx_word' id='word_1_153' title='bbox 428 1990 602 2055; x_wconf 88' lang='lat' dir='ltr'>secundum</span> <span class='ocrx_word' id='word_1_154' title='bbox 628 1994 779 2054; x_wconf 91' lang='lat' dir='ltr'>naturam</span> <span class='ocrx_word' id='word_1_155' title='bbox 802 1991 897 2074; x_wconf 82' lang='lat' dir='ltr'>fiunt,</span> <span class='ocrx_word' id='word_1_156' title='bbox 927 1994 1003 2054; x_wconf 92' lang='lat' dir='ltr'>sunt</span> <span class='ocrx_word' id='word_1_157' title='bbox 1025 1991 1179 2060; x_wconf 88' lang='lat' dir='ltr'>habenda</span> 
     </span>
     <span class='ocr_line' id='line_1_22' title="bbox 167 2076 1179 2179; baseline 0.007 -38"><span class='ocrx_word' id='word_1_158' title='bbox 167 2101 202 2142; x_wconf 93' lang='lat' dir='ltr'>m</span> <span class='ocrx_word' id='word_1_159' title='bbox 228 2078 350 2179; x_wconf 38' lang='lat' dir='ltr'>bonis..</span> <span class='ocrx_word' id='word_1_160' title='bbox 382 2076 465 2152; x_wconf 82' lang='lat' dir='ltr'>Quid</span> <span class='ocrx_word' id='word_1_161' title='bbox 496 2081 546 2143; x_wconf 90' lang='lat' dir='ltr'>est</span> <span class='ocrx_word' id='word_1_162' title='bbox 577 2082 686 2143; x_wconf 92' lang='lat' dir='ltr'>autem</span> <span class='ocrx_word' id='word_1_163' title='bbox 717 2082 786 2142; x_wconf 90' lang='lat' dir='ltr'>tam</span> <span class='ocrx_word' id='word_1_164' title='bbox 818 2078 992 2143; x_wconf 91' lang='lat' dir='ltr'>secundum</span> <span class='ocrx_word' id='word_1_165' title='bbox 1023 2082 1179 2148; x_wconf 89' lang='lat' dir='ltr'>naturam</span> 
     </span>
     <span class='ocr_line' id='line_1_23' title="bbox 169 2165 1179 2252; baseline 0.005 -23"><span class='ocrx_word' id='word_1_166' title='bbox 169 2188 265 2250; x_wconf 90' lang='lat' dir='ltr'>quam</span> <span class='ocrx_word' id='word_1_167' title='bbox 285 2165 414 2230; x_wconf 89' lang='lat' dir='ltr'>sembus</span> <span class='ocrx_word' id='word_1_168' title='bbox 434 2166 556 2230; x_wconf 81' lang='lat' dir='ltr'>emori?</span> <span class='ocrx_word' id='word_1_169' title='bbox 580 2165 666 2249; x_wconf 91' lang='lat' dir='ltr'>quod</span> <span class='ocrx_word' id='word_1_170' title='bbox 683 2166 768 2231; x_wconf 87' lang='lat' dir='ltr'>idem</span> <span class='ocrx_word' id='word_1_171' title='bbox 787 2166 948 2252; x_wconf 86' lang='lat' dir='ltr'>contingit</span> <span class='ocrx_word' id='word_1_172' title='bbox 966 2166 1179 2234; x_wconf 90' lang='lat' dir='ltr'>adulescenti·</span> 
     </span>
     <span class='ocr_line' id='line_1_24' title="bbox 167 2253 1178 2339; baseline 0.003 -21"><span class='ocrx_word' id='word_1_173' title='bbox 167 2255 228 2318; x_wconf 91' lang='lat' dir='ltr'>bus</span> <span class='ocrx_word' id='word_1_174' title='bbox 252 2253 443 2317; x_wconf 83' lang='lat' dir='ltr'>adversante</span> <span class='ocrx_word' id='word_1_175' title='bbox 467 2256 500 2316; x_wconf 88' lang='lat' dir='ltr'>et</span> <span class='ocrx_word' id='word_1_176' title='bbox 527 2259 728 2339; x_wconf 85' lang='lat' dir='ltr'>repugnante</span> <span class='ocrx_word' id='word_1_177' title='bbox 755 2257 881 2318; x_wconf 87' lang='lat' dir='ltr'>natura.</span> <span class='ocrx_word' id='word_1_178' title='bbox 926 2254 1041 2337; x_wconf 91' lang='lat' dir='ltr'>Itaque</span> <span class='ocrx_word' id='word_1_179' title='bbox 1069 2255 1178 2321; x_wconf 78' lang='lat' dir='ltr'>adule</span> 
     </span>
     <span class='ocr_line' id='line_1_25' title="bbox 168 2339 1178 2440; baseline 0.004 -36"><span class='ocrx_word' id='word_1_180' title='bbox 168 2343 292 2440; x_wconf 80' lang='lat' dir='ltr'>scentes</span> <span class='ocrx_word' id='word_1_181' title='bbox 316 2340 397 2403; x_wconf 92' lang='lat' dir='ltr'>mihi</span> <span class='ocrx_word' id='word_1_182' title='bbox 420 2339 504 2402; x_wconf 92' lang='lat' dir='ltr'>mori</span> <span class='ocrx_word' id='word_1_183' title='bbox 526 2339 572 2403; x_wconf 89' lang='lat' dir='ltr'>sic</span> <span class='ocrx_word' id='word_1_184' title='bbox 594 2340 756 2423; x_wconf 84' lang='lat' dir='ltr'>videntur,</span> <span class='ocrx_word' id='word_1_185' title='bbox 786 2345 823 2404; x_wconf 90' lang='lat' dir='ltr'>ut</span> <span class='ocrx_word' id='word_1_186' title='bbox 846 2363 919 2405; x_wconf 90' lang='lat' dir='ltr'>cum</span> <span class='ocrx_word' id='word_1_187' title='bbox 942 2361 1044 2423; x_wconf 90' lang='lat' dir='ltr'>aquae</span> <span class='ocrx_word' id='word_1_188' title='bbox 1067 2344 1178 2408; x_wconf 92' lang='lat' dir='ltr'>multi·</span> 
     </span>
     <span class='ocr_line' id='line_1_26' title="bbox 167 2425 1186 2514; baseline 0.005 -23"><span class='ocrx_word' id='word_1_189' title='bbox 167 2428 278 2491; x_wconf 78' lang='lat' dir='ltr'>tudine</span> <span class='ocrx_word' id='word_1_190' title='bbox 304 2426 455 2491; x_wconf 90' lang='lat' dir='ltr'>flammae</span> <span class='ocrx_word' id='word_1_191' title='bbox 481 2425 530 2490; x_wconf 80' lang='lat' dir='ltr'>vis</span> <span class='ocrx_word' id='word_1_192' title='bbox 559 2427 765 2510; x_wconf 84' lang='lat' dir='ltr'>opprimitur,</span> <span class='ocrx_word' id='word_1_193' title='bbox 795 2449 887 2492; x_wconf 88' lang='lat' dir='ltr'>senes</span> <span class='ocrx_word' id='word_1_194' title='bbox 915 2432 1023 2491; x_wconf 91' lang='lat' dir='ltr'>autem</span> <span class='ocrx_word' id='word_1_195' title='bbox 1052 2429 1112 2514; x_wconf 88' lang='lat' dir='ltr'>sic,</span> <span class='ocrx_word' id='word_1_196' title='bbox 1141 2436 1186 2496; x_wconf 88' lang='lat' dir='ltr'>ut</span> 
     </span>
     <span class='ocr_line' id='line_1_27' title="bbox 168 2513 1177 2615; baseline 0.003 -35"><span class='ocrx_word' id='word_1_197' title='bbox 168 2538 240 2615; x_wconf 83' lang='lat' dir='ltr'>cum</span> <span class='ocrx_word' id='word_1_198' title='bbox 269 2536 328 2615; x_wconf 84' lang='lat' dir='ltr'>sua</span> <span class='ocrx_word' id='word_1_199' title='bbox 355 2517 471 2599; x_wconf 88' lang='lat' dir='ltr'>sponte</span> <span class='ocrx_word' id='word_1_200' title='bbox 498 2513 591 2577; x_wconf 92' lang='lat' dir='ltr'>nulla</span> <span class='ocrx_word' id='word_1_201' title='bbox 618 2514 764 2578; x_wconf 90' lang='lat' dir='ltr'>adhibita</span> <span class='ocrx_word' id='word_1_202' title='bbox 790 2515 823 2580; x_wconf 84' lang='lat' dir='ltr'>vi</span> <span class='ocrx_word' id='word_1_203' title='bbox 851 2519 1060 2600; x_wconf 89' lang='lat' dir='ltr'>consumptus</span> <span class='ocrx_word' id='word_1_204' title='bbox 1089 2518 1177 2602; x_wconf 84' lang='lat' dir='ltr'>ignis</span> 
     </span>
     <span class='ocr_line' id='line_1_28' title="bbox 169 2601 1178 2703; baseline 0.003 -36"><span class='ocrx_word' id='word_1_205' title='bbox 169 2605 381 2703; x_wconf 66' lang='lat' dir='ltr'>extmgurtum</span> <span class='ocrx_word' id='word_1_206' title='bbox 414 2605 446 2664; x_wconf 93' lang='lat' dir='ltr'>et</span> <span class='ocrx_word' id='word_1_207' title='bbox 479 2601 572 2683; x_wconf 90' lang='lat' dir='ltr'>quasi</span> <span class='ocrx_word' id='word_1_208' title='bbox 602 2623 700 2685; x_wconf 89' lang='lat' dir='ltr'>poma</span> <span class='ocrx_word' id='word_1_209' title='bbox 731 2624 770 2666; x_wconf 88' lang='lat' dir='ltr'>ex</span> <span class='ocrx_word' id='word_1_210' title='bbox 802 2604 987 2685; x_wconf 88' lang='lat' dir='ltr'>arboribus,</span> <span class='ocrx_word' id='word_1_211' title='bbox 1019 2605 1118 2669; x_wconf 90' lang='lat' dir='ltr'>cruda</span> <span class='ocrx_word' id='word_1_212' title='bbox 1149 2607 1178 2670; x_wconf 90' lang='lat' dir='ltr'>si</span> 
     </span>
     <span class='ocr_line' id='line_1_29' title="bbox 169 2689 1178 2791; baseline 0.002 -36"><span class='ocrx_word' id='word_1_213' title='bbox 169 2695 254 2791; x_wconf 77' lang='lat' dir='ltr'>sunt,</span> <span class='ocrx_word' id='word_1_214' title='bbox 276 2712 330 2755; x_wconf 82' lang='lat' dir='ltr'>mx</span> <span class='ocrx_word' id='word_1_215' title='bbox 354 2689 544 2788; x_wconf 81' lang='lat' dir='ltr'>evelluntur,</span> <span class='ocrx_word' id='word_1_216' title='bbox 568 2689 596 2752; x_wconf 89' lang='lat' dir='ltr'>si</span> <span class='ocrx_word' id='word_1_217' title='bbox 617 2693 747 2790; x_wconf 80' lang='lat' dir='ltr'>matura</span> <span class='ocrx_word' id='word_1_218' title='bbox 770 2694 803 2754; x_wconf 91' lang='lat' dir='ltr'>et</span> <span class='ocrx_word' id='word_1_219' title='bbox 824 2695 923 2774; x_wconf 89' lang='lat' dir='ltr'>cocta,</span> <span class='ocrx_word' id='word_1_220' title='bbox 947 2691 1106 2774; x_wconf 87' lang='lat' dir='ltr'>decidunt,</span> <span class='ocrx_word' id='word_1_221' title='bbox 1130 2694 1178 2758; x_wconf 86' lang='lat' dir='ltr'>sio</span> 
     </span>
     <span class='ocr_line' id='line_1_30' title="bbox 168 2776 1178 2952; baseline 0.003 -22"><span class='ocrx_word' id='word_1_222' title='bbox 168 2776 1178 2952; x_wconf 49' lang='lat' dir='ltr'>tlt?qlltttllltmltttlusslljffiquttltltt</span> 
     </span>
     <span class='ocr_line' id='line_1_31' title="bbox 168 2952 1178 3035; baseline 0.003 -18"><span class='ocrx_word' id='word_1_223' title='bbox 168 2953 210 3018; x_wconf 91' lang='lat' dir='ltr'>ad</span> <span class='ocrx_word' id='word_1_224' title='bbox 232 2957 370 3017; x_wconf 91' lang='lat' dir='ltr'>mortem</span> <span class='ocrx_word' id='word_1_225' title='bbox 394 2952 556 3034; x_wconf 85' lang='lat' dir='ltr'>accedam,</span> <span class='ocrx_word' id='word_1_226' title='bbox 587 2953 679 3035; x_wconf 90' lang='lat' dir='ltr'>quasi</span> <span class='ocrx_word' id='word_1_227' title='bbox 705 2956 827 3017; x_wconf 90' lang='lat' dir='ltr'>terram</span> <span class='ocrx_word' id='word_1_228' title='bbox 854 2954 962 3019; x_wconf 89' lang='lat' dir='ltr'>videre</span> <span class='ocrx_word' id='word_1_229' title='bbox 985 2955 1096 3019; x_wconf 86' lang='lat' dir='ltr'>videar</span> <span class='ocrx_word' id='word_1_230' title='bbox 1120 2957 1178 3020; x_wconf 90' lang='lat' dir='ltr'>ali-</span> 
     </span>
     <span class='ocr_line' id='line_1_32' title="bbox 115 3039 1178 3172; baseline 0.003 -66"><span class='ocrx_word' id='word_1_231' title='bbox 115 3110 157 3172; x_wconf 67' lang='lat'>20</span> <span class='ocrx_word' id='word_1_232' title='bbox 169 3041 361 3125; x_wconf 90' lang='lat' dir='ltr'>quandoque</span> <span class='ocrx_word' id='word_1_233' title='bbox 384 3039 419 3104; x_wconf 93' lang='lat' dir='ltr'>in</span> <span class='ocrx_word' id='word_1_234' title='bbox 440 3043 572 3140; x_wconf 87' lang='lat' dir='ltr'>portum</span> <span class='ocrx_word' id='word_1_235' title='bbox 595 3061 634 3103; x_wconf 87' lang='lat' dir='ltr'>ex</span> <span class='ocrx_word' id='word_1_236' title='bbox 656 3041 756 3124; x_wconf 81' lang='lat' dir='ltr'>longa</span> <span class='ocrx_word' id='word_1_237' title='bbox 778 3042 987 3127; x_wconf 84' lang='lat' dir='ltr'>navigatione</span> <span class='ocrx_word' id='word_1_238' title='bbox 1011 3063 1081 3106; x_wconf 90' lang='lat' dir='ltr'>esse</span> <span class='ocrx_word' id='word_1_239' title='bbox 1101 3064 1178 3108; x_wconf 85' lang='lat' dir='ltr'>ven·</span> 
     </span>
     <span class='ocr_line' id='line_1_33' title="bbox 116 3126 1177 3235; baseline 0.002 -41"><span class='ocrx_word' id='word_1_240' title='bbox 116 3186 148 3235; x_wconf 62' lang='lat'>72</span> <span class='ocrx_word' id='word_1_241' title='bbox 168 3134 269 3194; x_wconf 88' lang='lat' dir='ltr'>turus.</span> <span class='ocrx_word' id='word_1_242' title='bbox 315 3126 495 3230; x_wconf 77' lang='lat' dir='ltr'>Senectutm</span> <span class='ocrx_word' id='word_1_243' title='bbox 523 3131 632 3192; x_wconf 91' lang='lat' dir='ltr'>autem</span> <span class='ocrx_word' id='word_1_244' title='bbox 659 3128 767 3192; x_wconf 88' lang='lat' dir='ltr'>nullus</span> <span class='ocrx_word' id='word_1_245' title='bbox 796 3134 846 3194; x_wconf 90' lang='lat' dir='ltr'>est</span> <span class='ocrx_word' id='word_1_246' title='bbox 873 3133 978 3194; x_wconf 88' lang='lat' dir='ltr'>certus</span> <span class='ocrx_word' id='word_1_247' title='bbox 1008 3130 1177 3216; x_wconf 88' lang='lat' dir='ltr'>terminus,</span> 
     </span>
     <span class='ocr_line' id='line_1_34' title="bbox 167 3215 1178 3319; baseline 0.003 -39"><span class='ocrx_word' id='word_1_248' title='bbox 167 3220 316 3319; x_wconf 76' lang='lat' dir='ltr'>recteque</span> <span class='ocrx_word' id='word_1_249' title='bbox 334 3239 369 3317; x_wconf 83' lang='lat' dir='ltr'>m</span> <span class='ocrx_word' id='word_1_250' title='bbox 388 3238 426 3280; x_wconf 89' lang='lat' dir='ltr'>ea</span> <span class='ocrx_word' id='word_1_251' title='bbox 443 3215 579 3294; x_wconf 83' lang='lat' dir='ltr'>vivitur,</span> <span class='ocrx_word' id='word_1_252' title='bbox 603 3216 709 3299; x_wconf 91' lang='lat' dir='ltr'>quoad</span> <span class='ocrx_word' id='word_1_253' title='bbox 726 3238 842 3281; x_wconf 89' lang='lat' dir='ltr'>munus</span> <span class='ocrx_word' id='word_1_254' title='bbox 866 3218 965 3281; x_wconf 87' lang='lat' dir='ltr'>officii</span> <span class='ocrx_word' id='word_1_255' title='bbox 988 3219 1120 3301; x_wconf 86' lang='lat' dir='ltr'>exsequi</span> <span class='ocrx_word' id='word_1_256' title='bbox 1145 3224 1178 3283; x_wconf 86' lang='lat' dir='ltr'>et</span> 
     </span>
     <span class='ocr_line' id='line_1_35' title="bbox 166 3305 1202 3406; baseline 0.004 -38"><span class='ocrx_word' id='word_1_257' title='bbox 166 3309 251 3406; x_wconf 80' lang='lat' dir='ltr'>tueri</span> <span class='ocrx_word' id='word_1_258' title='bbox 278 3307 382 3406; x_wconf 82' lang='lat' dir='ltr'>poss1t</span> <span class='ocrx_word' id='word_1_259' title='bbox 396 3306 622 3404; x_wconf 40' lang='lat' dir='ltr'>·[mortemque</span> <span class='ocrx_word' id='word_1_260' title='bbox 649 3307 881 3387; x_wconf 84' lang='lat' dir='ltr'>contemnere];</span> <span class='ocrx_word' id='word_1_261' title='bbox 910 3327 948 3369; x_wconf 89' lang='lat' dir='ltr'>ex</span> <span class='ocrx_word' id='word_1_262' title='bbox 972 3326 1035 3388; x_wconf 92' lang='lat' dir='ltr'>quo</span> <span class='ocrx_word' id='word_1_263' title='bbox 1058 3305 1111 3388; x_wconf 84' lang='lat' dir='ltr'>fit,</span> <span class='ocrx_word' id='word_1_264' title='bbox 1140 3311 1202 3372; x_wconf 57' lang='lat' dir='ltr'>ut!</span> 
     </span>
     <span class='ocr_line' id='line_1_36' title="bbox 167 3392 1178 3474; baseline 0.004 -18"><span class='ocrx_word' id='word_1_265' title='bbox 167 3414 343 3457; x_wconf 84' lang='lat' dir='ltr'>ammosror</span> <span class='ocrx_word' id='word_1_266' title='bbox 360 3394 459 3457; x_wconf 86' lang='lat' dir='ltr'>et1am</span> <span class='ocrx_word' id='word_1_267' title='bbox 478 3395 625 3456; x_wconf 90' lang='lat' dir='ltr'>senectus</span> <span class='ocrx_word' id='word_1_268' title='bbox 644 3392 688 3456; x_wconf 91' lang='lat' dir='ltr'>sit</span> <span class='ocrx_word' id='word_1_269' title='bbox 707 3414 804 3474; x_wconf 92' lang='lat' dir='ltr'>quam</span> <span class='ocrx_word' id='word_1_270' title='bbox 823 3392 1041 3458; x_wconf 88' lang='lat' dir='ltr'>adulescentia</span> <span class='ocrx_word' id='word_1_271' title='bbox 1060 3396 1093 3456; x_wconf 94' lang='lat' dir='ltr'>et</span> <span class='ocrx_word' id='word_1_272' title='bbox 1111 3393 1178 3460; x_wconf 84' lang='lat' dir='ltr'>for·</span> 
     </span>
     <span class='ocr_line' id='line_1_37' title="bbox 166 3477 1178 3565; baseline 0.003 -20"><span class='ocrx_word' id='word_1_273' title='bbox 166 3481 239 3546; x_wconf 90' lang='lat' dir='ltr'>tior.</span> <span class='ocrx_word' id='word_1_274' title='bbox 275 3479 347 3546; x_wconf 87' lang='lat' dir='ltr'>Hoc</span> <span class='ocrx_word' id='word_1_275' title='bbox 370 3480 453 3544; x_wconf 93' lang='lat' dir='ltr'>illud</span> <span class='ocrx_word' id='word_1_276' title='bbox 476 3483 534 3565; x_wconf 84' lang='lat' dir='ltr'>est,</span> <span class='ocrx_word' id='word_1_277' title='bbox 558 3480 643 3564; x_wconf 91' lang='lat' dir='ltr'>quod</span> <span class='ocrx_word' id='word_1_278' title='bbox 661 3479 834 3544; x_wconf 80' lang='lat' dir='ltr'>Pisistrato</span> <span class='ocrx_word' id='word_1_279' title='bbox 854 3484 993 3565; x_wconf 84' lang='lat' dir='ltr'>tyranno</span> <span class='ocrx_word' id='word_1_280' title='bbox 1017 3502 1037 3544; x_wconf 89' lang='lat' dir='ltr'>a</span> <span class='ocrx_word' id='word_1_281' title='bbox 1056 3477 1178 3548; x_wconf 81' lang='lat' dir='ltr'>Solone</span> 
     </span>
    </p>
   </div>
   <div class='ocr_carea' id='block_1_3' title="bbox 0 0 1220 3990">
    <p class='ocr_par' dir='ltr' id='par_1_3' title="bbox 0 0 1220 3990">
     <span class='ocr_line' id='line_1_38' title="bbox 0 0 1220 3990; baseline 0 0"><span class='ocrx_word' id='word_1_282' title='bbox 0 0 1220 3990; x_wconf 95' lang='lat' dir='ltr'> </span> 
     </span>
    </p>
   </div>
  </div>
 </body>
</html>
