<?xml version="1.0" encoding="UTF-8"?>
<!DOCTYPE html PUBLIC "-//W3C//DTD XHTML 1.0 Transitional//EN"
    "http://www.w3.org/TR/xhtml1/DTD/xhtml1-transitional.dtd">
<html xmlns="http://www.w3.org/1999/xhtml" xml:lang="en" lang="en">
 <head>
  <title>
</title>
<meta http-equiv="Content-Type" content="text/html;charset=utf-8" />
  <meta name='ocr-system' content='tesseract 3.04.00' />
  <meta name='ocr-capabilities' content='ocr_page ocr_carea ocr_par ocr_line ocrx_word'/>
</head>
<body>
  <div class='ocr_page' id='page_1' title='image "./mtulliiciceroni42cicegoog/mtulliiciceroni42cicegoog_0020.png"; bbox 0 0 2430 3990; ppageno 0'>
   <div class='ocr_carea' id='block_1_1' title="bbox 373 133 1069 204">
    <p class='ocr_par' dir='ltr' id='par_1_1' title="bbox 373 133 1069 204">
     <span class='ocr_line' id='line_1_1' title="bbox 373 133 1069 204; baseline 0.016 -17"><span class='ocrx_word' id='word_1_1' title='bbox 373 133 571 204; x_wconf 67' lang='grc'><strong>1111111.</strong></span> <span class='ocrx_word' id='word_1_2' title='bbox 608 140 755 200; x_wconf 75' lang='lat' dir='ltr'>sac-41.</span> <span class='ocrx_word' id='word_1_3' title='bbox 1006 134 1069 198; x_wconf 82' lang='lat'>145</span> 
     </span>
    </p>
   </div>
   <div class='ocr_carea' id='block_1_2' title="bbox 20 292 1124 2132">
    <p class='ocr_par' dir='ltr' id='par_1_2' title="bbox 20 292 1124 2132">
     <span class='ocr_line' id='line_1_2' title="bbox 60 292 1117 378; baseline 0 -19"><span class='ocrx_word' id='word_1_4' title='bbox 60 296 132 360; x_wconf 89' lang='lat' dir='ltr'>bus.</span> <span class='ocrx_word' id='word_1_5' title='bbox 165 292 251 368; x_wconf 84' lang='lat' dir='ltr'>Quas</span> <span class='ocrx_word' id='word_1_6' title='bbox 266 294 295 358; x_wconf 91' lang='lat' dir='ltr'>si</span> <span class='ocrx_word' id='word_1_7' title='bbox 309 294 423 377; x_wconf 83' lang='lat' dir='ltr'>exequi</span> <span class='ocrx_word' id='word_1_8' title='bbox 435 294 611 378; x_wconf 84' lang='lat' dir='ltr'>nequirem,</span> <span class='ocrx_word' id='word_1_9' title='bbox 629 299 740 359; x_wconf 88' lang='lat' dir='ltr'>tamen</span> <span class='ocrx_word' id='word_1_10' title='bbox 758 316 808 359; x_wconf 91' lang='grc'>111</span> <span class='ocrx_word' id='word_1_11' title='bbox 825 295 963 359; x_wconf 90' lang='lat' dir='ltr'>lectulus</span> <span class='ocrx_word' id='word_1_12' title='bbox 977 316 1067 359; x_wconf 88' lang='lat' dir='ltr'>meus</span> <span class='ocrx_word' id='word_1_13' title='bbox 1113 324 1117 329; x_wconf 94' lang='lat'><em>·</em></span> 
     </span>
     <span class='ocr_line' id='line_1_3' title="bbox 62 382 1069 468; baseline -0.003 -20"><span class='ocrx_word' id='word_1_14' title='bbox 62 383 242 448; x_wconf 88' lang='lat' dir='ltr'>oblectaret</span> <span class='ocrx_word' id='word_1_15' title='bbox 271 404 308 446; x_wconf 90' lang='lat' dir='ltr'>ea</span> <span class='ocrx_word' id='word_1_16' title='bbox 334 382 406 466; x_wconf 89' lang='lat' dir='ltr'>ipsa</span> <span class='ocrx_word' id='word_1_17' title='bbox 436 383 650 468; x_wconf 74' lang='lat' dir='ltr'><strong>cogitantem,</strong></span> <span class='ocrx_word' id='word_1_18' title='bbox 679 405 760 466; x_wconf 90' lang='lat' dir='ltr'>quae</span> <span class='ocrx_word' id='word_1_19' title='bbox 787 383 853 447; x_wconf 88' lang='lat' dir='ltr'>iam</span> <span class='ocrx_word' id='word_1_20' title='bbox 881 403 976 468; x_wconf 89' lang='lat' dir='ltr'>agere</span> <span class='ocrx_word' id='word_1_21' title='bbox 1002 403 1069 446; x_wconf 93' lang='lat' dir='ltr'>non</span> 
     </span>
     <span class='ocr_line' id='line_1_4' title="bbox 61 468 1069 555; baseline -0.003 -20"><span class='ocrx_word' id='word_1_22' title='bbox 61 492 205 555; x_wconf 83' lang='lat' dir='ltr'>possem3</span> <span class='ocrx_word' id='word_1_23' title='bbox 229 470 285 534; x_wconf 89' lang='lat' dir='ltr'>sed</span> <span class='ocrx_word' id='word_1_24' title='bbox 307 473 344 534; x_wconf 91' lang='lat' dir='ltr'>ut</span> <span class='ocrx_word' id='word_1_25' title='bbox 366 470 498 555; x_wconf 88' lang='lat' dir='ltr'>possim,</span> <span class='ocrx_word' id='word_1_26' title='bbox 520 470 600 535; x_wconf 86' lang='lat' dir='ltr'>facit</span> <span class='ocrx_word' id='word_1_27' title='bbox 619 473 692 534; x_wconf 89' lang='lat' dir='ltr'>acta</span> <span class='ocrx_word' id='word_1_28' title='bbox 714 470 791 534; x_wconf 85' lang='lat' dir='ltr'>vita.</span> <span class='ocrx_word' id='word_1_29' title='bbox 829 468 961 553; x_wconf 83' lang='lat' dir='ltr'>Semper</span> <span class='ocrx_word' id='word_1_30' title='bbox 984 470 1069 534; x_wconf 89' lang='lat' dir='ltr'>enim</span> 
     </span>
     <span class='ocr_line' id='line_1_5' title="bbox 61 557 1069 642; baseline -0.002 -20"><span class='ocrx_word' id='word_1_31' title='bbox 61 560 98 622; x_wconf 93' lang='lat' dir='ltr'>in</span> <span class='ocrx_word' id='word_1_32' title='bbox 123 558 175 622; x_wconf 89' lang='lat' dir='ltr'>his</span> <span class='ocrx_word' id='word_1_33' title='bbox 207 557 322 622; x_wconf 90' lang='lat' dir='ltr'>studiis</span> <span class='ocrx_word' id='word_1_34' title='bbox 355 558 584 641; x_wconf 82' lang='lat' dir='ltr'>laboribusque</span> <span class='ocrx_word' id='word_1_35' title='bbox 616 558 738 623; x_wconf 84' lang='grc'><strong>1111111</strong></span> <span class='ocrx_word' id='word_1_36' title='bbox 769 578 835 622; x_wconf 89' lang='grc'>111</span> <span class='ocrx_word' id='word_1_37' title='bbox 866 557 1069 642; x_wconf 89' lang='lat' dir='ltr'>intellegitur</span> 
     </span>
     <span class='ocr_line' id='line_1_6' title="bbox 34 645 1069 730; baseline 0.004 -26"><span class='ocrx_word' id='word_1_38' title='bbox 34 646 190 730; x_wconf 75' lang='lat' dir='ltr'>cquando</span> <span class='ocrx_word' id='word_1_39' title='bbox 215 645 351 729; x_wconf 90' lang='lat' dir='ltr'>obrepat</span> <span class='ocrx_word' id='word_1_40' title='bbox 374 649 530 711; x_wconf 88' lang='lat' dir='ltr'>senectus.</span> <span class='ocrx_word' id='word_1_41' title='bbox 566 646 619 710; x_wconf 87' lang='lat' dir='ltr'>lta</span> <span class='ocrx_word' id='word_1_42' title='bbox 638 646 757 710; x_wconf 89' lang='lat' dir='ltr'>sensim</span> <span class='ocrx_word' id='word_1_43' title='bbox 776 645 844 709; x_wconf 92' lang='lat' dir='ltr'>sine</span> <span class='ocrx_word' id='word_1_44' title='bbox 864 666 960 709; x_wconf 88' lang='lat' dir='ltr'>sensu</span> <span class='ocrx_word' id='word_1_45' title='bbox 979 648 1069 709; x_wconf 87' lang='lat' dir='ltr'>aetas</span> 
     </span>
     <span class='ocr_line' id='line_1_7' title="bbox 63 732 1070 819; baseline -0.002 -21"><span class='ocrx_word' id='word_1_46' title='bbox 63 733 202 798; x_wconf 79' lang='lat' dir='ltr'><strong>senescit</strong></span> <span class='ocrx_word' id='word_1_47' title='bbox 228 755 287 798; x_wconf 95' lang='lat' dir='ltr'>nec</span> <span class='ocrx_word' id='word_1_48' title='bbox 314 733 423 797; x_wconf 91' lang='lat' dir='ltr'>subito</span> <span class='ocrx_word' id='word_1_49' title='bbox 445 732 621 819; x_wconf 76' lang='lat' dir='ltr'>frangitur,</span> <span class='ocrx_word' id='word_1_50' title='bbox 652 734 708 797; x_wconf 87' lang='lat' dir='ltr'>sed</span> <span class='ocrx_word' id='word_1_51' title='bbox 732 733 944 798; x_wconf 71' lang='lat' dir='ltr'>diuturnitate</span> <span class='ocrx_word' id='word_1_52' title='bbox 968 733 1070 797; x_wconf 83' lang='lat' dir='ltr'>extin-</span> 
     </span>
     <span class='ocr_line' id='line_1_8' title="bbox 64 821 705 907; baseline -0.003 -22"><span class='ocrx_word' id='word_1_53' title='bbox 64 821 183 907; x_wconf 86' lang='lat' dir='ltr'>guitur.</span> <span class='ocrx_word' id='word_1_54' title='bbox 703 864 705 866; x_wconf 90' lang='lat'><em>-</em></span> 
     </span>
     <span class='ocr_line' id='line_1_9' title="bbox 129 907 1069 992; baseline 0 -20"><span class='ocrx_word' id='word_1_55' title='bbox 129 907 281 992; x_wconf 81' lang='lat' dir='ltr'>Sequitur</span> <span class='ocrx_word' id='word_1_56' title='bbox 308 909 407 973; x_wconf 87' lang='lat' dir='ltr'>tertia</span> <span class='ocrx_word' id='word_1_57' title='bbox 433 909 630 992; x_wconf 84' lang='lat' dir='ltr'>vituperatio</span> <span class='ocrx_word' id='word_1_58' title='bbox 658 908 847 992; x_wconf 90' lang='lat' dir='ltr'>senectutis,</span> <span class='ocrx_word' id='word_1_59' title='bbox 880 909 966 992; x_wconf 91' lang='lat' dir='ltr'>quod</span> <span class='ocrx_word' id='word_1_60' title='bbox 998 930 1069 973; x_wconf 85' lang='grc'><strong>1111</strong></span> 
     </span>
     <span class='ocr_line' id='line_1_10' title="bbox 64 996 1070 1081; baseline -0.002 -19"><span class='ocrx_word' id='word_1_61' title='bbox 64 1018 172 1062; x_wconf 90' lang='lat' dir='ltr'>carere</span> <span class='ocrx_word' id='word_1_62' title='bbox 192 997 301 1061; x_wconf 89' lang='lat' dir='ltr'>dicunt</span> <span class='ocrx_word' id='word_1_63' title='bbox 319 997 552 1081; x_wconf 81' lang='lat' dir='ltr'>voluptatibus.</span> <span class='ocrx_word' id='word_1_64' title='bbox 590 996 616 1061; x_wconf 92' lang='grc' dir='ltr'>Ο</span> <span class='ocrx_word' id='word_1_65' title='bbox 636 998 838 1080; x_wconf 90' lang='lat' dir='ltr'>praeclarum</span> <span class='ocrx_word' id='word_1_66' title='bbox 852 1018 968 1060; x_wconf 92' lang='lat' dir='ltr'>munus</span> <span class='ocrx_word' id='word_1_67' title='bbox 983 999 1070 1060; x_wconf 87' lang='lat' dir='ltr'>aeta-</span> 
     </span>
     <span class='ocr_line' id='line_1_11' title="bbox 20 1083 1070 1169; baseline -0.002 -21"><span class='ocrx_word' id='word_1_68' title='bbox 20 1103 50 1142; x_wconf 89' lang='lat'>10</span> <span class='ocrx_word' id='word_1_69' title='bbox 64 1085 121 1169; x_wconf 92' lang='lat' dir='ltr'>tis,</span> <span class='ocrx_word' id='word_1_70' title='bbox 149 1084 308 1167; x_wconf 87' lang='lat' dir='ltr'>siquidem</span> <span class='ocrx_word' id='word_1_71' title='bbox 333 1084 367 1148; x_wconf 91' lang='lat' dir='ltr'>id</span> <span class='ocrx_word' id='word_1_72' title='bbox 382 1083 501 1149; x_wconf 84' lang='lat' dir='ltr'>-aufert</span> <span class='ocrx_word' id='word_1_73' title='bbox 528 1085 683 1168; x_wconf 85' lang='lat' dir='ltr'>anobis,</span> <span class='ocrx_word' id='word_1_74' title='bbox 712 1084 798 1167; x_wconf 87' lang='lat' dir='ltr'>qnod</span> <span class='ocrx_word' id='word_1_75' title='bbox 824 1087 874 1148; x_wconf 90' lang='lat' dir='ltr'>est</span> <span class='ocrx_word' id='word_1_76' title='bbox 901 1084 935 1148; x_wconf 94' lang='lat' dir='ltr'>in</span> <span class='ocrx_word' id='word_1_77' title='bbox 963 1083 1070 1148; x_wconf 87' lang='lat' dir='ltr'>adule-</span> 
     </span>
     <span class='ocr_line' id='line_1_12' title="bbox 64 1170 1070 1256; baseline -0.002 -19"><span class='ocrx_word' id='word_1_78' title='bbox 64 1173 188 1237; x_wconf 82' lang='lat' dir='ltr'>scentia</span> <span class='ocrx_word' id='word_1_79' title='bbox 215 1171 473 1236; x_wconf 84' lang='lat' dir='ltr'>vitiosissimum!</span> <span class='ocrx_word' id='word_1_80' title='bbox 518 1170 664 1255; x_wconf 81' lang='lat' dir='ltr'>Accipite</span> <span class='ocrx_word' id='word_1_81' title='bbox 693 1172 791 1254; x_wconf 92' lang='lat' dir='ltr'>enim,</span> <span class='ocrx_word' id='word_1_82' title='bbox 821 1171 937 1256; x_wconf 89' lang='lat' dir='ltr'>optimi</span> <span class='ocrx_word' id='word_1_83' title='bbox 964 1171 1070 1235; x_wconf 79' lang='lat' dir='ltr'>adule</span> 
     </span>
     <span class='ocr_line' id='line_1_13' title="bbox 65 1258 1071 1344; baseline -0.002 -19"><span class='ocrx_word' id='word_1_84' title='bbox 65 1264 200 1343; x_wconf 81' lang='lat' dir='ltr'>scentes,</span> <span class='ocrx_word' id='word_1_85' title='bbox 222 1262 364 1324; x_wconf 90' lang='lat' dir='ltr'>veterem</span> <span class='ocrx_word' id='word_1_86' title='bbox 387 1259 567 1324; x_wconf 92' lang='lat' dir='ltr'>orationem</span> <span class='ocrx_word' id='word_1_87' title='bbox 580 1258 746 1343; x_wconf 85' lang='lat' dir='ltr'>Archytae</span> <span class='ocrx_word' id='word_1_88' title='bbox 760 1259 936 1342; x_wconf 81' lang='lat' dir='ltr'>Tarentini,</span> <span class='ocrx_word' id='word_1_89' title='bbox 959 1259 1071 1344; x_wconf 88' lang='lat' dir='ltr'>magni</span> 
     </span>
     <span class='ocr_line' id='line_1_14' title="bbox 64 1347 1071 1432; baseline -0.002 -20"><span class='ocrx_word' id='word_1_90' title='bbox 64 1348 99 1412; x_wconf 93' lang='lat' dir='ltr'>in</span> <span class='ocrx_word' id='word_1_91' title='bbox 121 1347 235 1431; x_wconf 89' lang='lat' dir='ltr'>primis</span> <span class='ocrx_word' id='word_1_92' title='bbox 254 1351 288 1412; x_wconf 91' lang='grc'>11</span> <span class='ocrx_word' id='word_1_93' title='bbox 304 1347 464 1432; x_wconf 90' lang='lat' dir='ltr'>praeclari</span> <span class='ocrx_word' id='word_1_94' title='bbox 481 1347 552 1430; x_wconf 85' lang='lat' dir='ltr'>viri,</span> <span class='ocrx_word' id='word_1_95' title='bbox 576 1369 657 1431; x_wconf 89' lang='lat' dir='ltr'>quae</span> <span class='ocrx_word' id='word_1_96' title='bbox 677 1348 757 1412; x_wconf 89' lang='lat' dir='ltr'>mihi</span> <span class='ocrx_word' id='word_1_97' title='bbox 776 1347 898 1412; x_wconf 88' lang='lat' dir='ltr'>tradita</span> <span class='ocrx_word' id='word_1_98' title='bbox 916 1350 975 1430; x_wconf 91' lang='lat' dir='ltr'>est,</span> <span class='ocrx_word' id='word_1_99' title='bbox 998 1369 1071 1418; x_wconf 86' lang='lat' dir='ltr'>cum</span> 
     </span>
     <span class='ocr_line' id='line_1_15' title="bbox 65 1434 1071 1510; baseline -0.003 -10"><span class='ocrx_word' id='word_1_100' title='bbox 65 1440 188 1500; x_wconf 68' lang='lat' dir='ltr'>essem-³</span> <span class='ocrx_word' id='word_1_101' title='bbox 201 1435 387 1501; x_wconf 88' lang='lat' dir='ltr'>adulescens</span> <span class='ocrx_word' id='word_1_102' title='bbox 415 1435 547 1500; x_wconf 81' lang='lat' dir='ltr'>Tarenti</span> <span class='ocrx_word' id='word_1_103' title='bbox 577 1457 650 1500; x_wconf 91' lang='lat' dir='ltr'>cum</span> <span class='ocrx_word' id='word_1_104' title='bbox 678 1434 714 1510; x_wconf 81' lang='lat' dir='ltr'>Q.</span> <span class='ocrx_word' id='word_1_105' title='bbox 741 1434 891 1501; x_wconf 86' lang='lat' dir='ltr'>Maximo.</span> <span class='ocrx_word' id='word_1_106' title='bbox 935 1434 1071 1499; x_wconf 89' lang='lat' dir='ltr'>Nullam</span> 
     </span>
     <span class='ocr_line' id='line_1_16' title="bbox 24 1522 1071 1607; baseline -0.003 -19"><span class='ocrx_word' id='word_1_107' title='bbox 24 1540 51 1580; x_wconf 81' lang='lat'>1⁵</span> <span class='ocrx_word' id='word_1_108' title='bbox 66 1523 289 1607; x_wconf 87' lang='lat' dir='ltr'>capitaliorem</span> <span class='ocrx_word' id='word_1_109' title='bbox 311 1527 437 1607; x_wconf 90' lang='lat' dir='ltr'>pestem</span> <span class='ocrx_word' id='word_1_110' title='bbox 461 1545 558 1607; x_wconf 88' lang='lat' dir='ltr'>quam</span> <span class='ocrx_word' id='word_1_111' title='bbox 580 1525 783 1607; x_wconf 88' lang='lat' dir='ltr'>voluptatem</span> <span class='ocrx_word' id='word_1_112' title='bbox 807 1522 950 1607; x_wconf 89' lang='lat' dir='ltr'>corporis</span> <span class='ocrx_word' id='word_1_113' title='bbox 969 1522 1071 1586; x_wconf 91' lang='lat' dir='ltr'>homi-</span> 
     </span>
     <span class='ocr_line' id='line_1_17' title="bbox 64 1609 1070 1695; baseline -0.001 -20"><span class='ocrx_word' id='word_1_114' title='bbox 64 1612 160 1675; x_wconf 91' lang='lat' dir='ltr'>nibus</span> <span class='ocrx_word' id='word_1_115' title='bbox 183 1611 311 1676; x_wconf 90' lang='lat' dir='ltr'>dicebat</span> <span class='ocrx_word' id='word_1_116' title='bbox 334 1614 488 1675; x_wconf 83' lang='lat' dir='ltr'>enatura</span> <span class='ocrx_word' id='word_1_117' title='bbox 509 1611 627 1695; x_wconf 88' lang='lat' dir='ltr'>datam,</span> <span class='ocrx_word' id='word_1_118' title='bbox 651 1611 740 1675; x_wconf 89' lang='lat' dir='ltr'>cuius</span> <span class='ocrx_word' id='word_1_119' title='bbox 759 1610 937 1695; x_wconf 88' lang='lat' dir='ltr'>voluptatis</span> <span class='ocrx_word' id='word_1_120' title='bbox 958 1609 1070 1674; x_wconf 84' lang='lat' dir='ltr'>avidae</span> 
     </span>
     <span class='ocr_line' id='line_1_18' title="bbox 65 1697 1070 1782; baseline -0.003 -19"><span class='ocrx_word' id='word_1_121' title='bbox 65 1699 215 1764; x_wconf 91' lang='lat' dir='ltr'>libidines</span> <span class='ocrx_word' id='word_1_122' title='bbox 237 1701 358 1763; x_wconf 89' lang='lat' dir='ltr'>temere</span> <span class='ocrx_word' id='word_1_123' title='bbox 386 1703 419 1763; x_wconf 90' lang='lat' dir='ltr'>et</span> <span class='ocrx_word' id='word_1_124' title='bbox 441 1698 601 1763; x_wconf 87' lang='lat' dir='ltr'>ecfrenate</span> <span class='ocrx_word' id='word_1_125' title='bbox 625 1699 665 1762; x_wconf 88' lang='lat' dir='ltr'>ad</span> <span class='ocrx_word' id='word_1_126' title='bbox 689 1698 877 1782; x_wconf 89' lang='lat' dir='ltr'>potiendum</span> <span class='ocrx_word' id='word_1_127' title='bbox 900 1697 1070 1762; x_wconf 89' lang='lat' dir='ltr'>incitaren-</span> 
     </span>
     <span class='ocr_line' id='line_1_19' title="bbox 66 1785 1124 1871; baseline -0.001 -22"><span class='ocrx_word' id='word_1_128' title='bbox 66 1790 127 1850; x_wconf 91' lang='lat' dir='ltr'>tur.</span> <span class='ocrx_word' id='word_1_129' title='bbox 162 1785 247 1851; x_wconf 89' lang='lat' dir='ltr'>Hinc</span> <span class='ocrx_word' id='word_1_130' title='bbox 270 1786 394 1870; x_wconf 88' lang='lat' dir='ltr'>patriae</span> <span class='ocrx_word' id='word_1_131' title='bbox 417 1786 626 1871; x_wconf 85' lang='lat' dir='ltr'>proditiones,</span> <span class='ocrx_word' id='word_1_132' title='bbox 649 1785 724 1850; x_wconf 91' lang='lat' dir='ltr'>hinc</span> <span class='ocrx_word' id='word_1_133' title='bbox 742 1786 1070 1870; x_wconf 90' lang='lat' dir='ltr'>rerumpublicarum</span> <span class='ocrx_word' id='word_1_134' title='bbox 1089 1801 1124 1849; x_wconf 83' lang='grc'>41</span> 
     </span>
     <span class='ocr_line' id='line_1_20' title="bbox 67 1873 1071 1956; baseline -0.001 -18"><span class='ocrx_word' id='word_1_135' title='bbox 67 1875 261 1956; x_wconf 81' lang='lat' dir='ltr'>eversiones,</span> <span class='ocrx_word' id='word_1_136' title='bbox 293 1874 368 1939; x_wconf 89' lang='lat' dir='ltr'>hinc</span> <span class='ocrx_word' id='word_1_137' title='bbox 400 1896 472 1939; x_wconf 92' lang='lat' dir='ltr'>cum</span> <span class='ocrx_word' id='word_1_138' title='bbox 503 1874 652 1939; x_wconf 87' lang='lat' dir='ltr'>hostibus</span> <span class='ocrx_word' id='word_1_139' title='bbox 681 1874 881 1939; x_wconf 89' lang='lat' dir='ltr'>clandestina</span> <span class='ocrx_word' id='word_1_140' title='bbox 909 1873 1071 1956; x_wconf 87' lang='lat' dir='ltr'>colloquia</span> 
     </span>
     <span class='ocr_line' id='line_1_21' title="bbox 26 1960 1071 2046; baseline -0.003 -20"><span class='ocrx_word' id='word_1_141' title='bbox 26 1978 52 2018; x_wconf 80' lang='lat'>²⁰</span> <span class='ocrx_word' id='word_1_142' title='bbox 65 1962 168 2046; x_wconf 89' lang='lat' dir='ltr'>nasci,</span> <span class='ocrx_word' id='word_1_143' title='bbox 194 1963 321 2026; x_wconf 91' lang='lat' dir='ltr'>nullum</span> <span class='ocrx_word' id='word_1_144' title='bbox 344 1961 479 2045; x_wconf 90' lang='lat' dir='ltr'>denique</span> <span class='ocrx_word' id='word_1_145' title='bbox 503 1962 620 2045; x_wconf 89' lang='lat' dir='ltr'>scelus,</span> <span class='ocrx_word' id='word_1_146' title='bbox 646 1963 773 2025; x_wconf 91' lang='lat' dir='ltr'>nullum</span> <span class='ocrx_word' id='word_1_147' title='bbox 801 1961 923 2025; x_wconf 89' lang='lat' dir='ltr'>malum</span> <span class='ocrx_word' id='word_1_148' title='bbox 946 1960 1071 2025; x_wconf 88' lang='lat' dir='ltr'>facinus</span> 
     </span>
     <span class='ocr_line' id='line_1_22' title="bbox 67 2046 1071 2132; baseline -0.004 -18"><span class='ocrx_word' id='word_1_149' title='bbox 67 2071 151 2132; x_wconf 88' lang='lat' dir='ltr'>esse,</span> <span class='ocrx_word' id='word_1_150' title='bbox 180 2050 221 2113; x_wconf 91' lang='lat' dir='ltr'>ad</span> <span class='ocrx_word' id='word_1_151' title='bbox 244 2049 330 2132; x_wconf 92' lang='lat' dir='ltr'>quod</span> <span class='ocrx_word' id='word_1_152' title='bbox 351 2048 589 2132; x_wconf 87' lang='lat' dir='ltr'>suscipiendum</span> <span class='ocrx_word' id='word_1_153' title='bbox 611 2069 678 2111; x_wconf 94' lang='lat' dir='ltr'>non</span> <span class='ocrx_word' id='word_1_154' title='bbox 699 2047 800 2113; x_wconf 90' lang='lat' dir='ltr'>libido</span> <span class='ocrx_word' id='word_1_155' title='bbox 823 2046 1002 2131; x_wconf 90' lang='lat' dir='ltr'>voluptatis</span> <span class='ocrx_word' id='word_1_156' title='bbox 1025 2047 1071 2110; x_wconf 92' lang='lat' dir='ltr'>in·</span> 
     </span>
    </p>
   </div>
   <div class='ocr_carea' id='block_1_3' title="bbox 1081 879 1127 1005">
    <p class='ocr_par' dir='ltr' id='par_1_3' title="bbox 1081 879 1127 1005">
     <span class='ocr_line' id='line_1_23' title="bbox 1081 879 1127 1005; baseline 0.022 -1"><span class='ocrx_word' id='word_1_157' title='bbox 1081 879 1127 1005; x_wconf 76' lang='lat' dir='ltr'>e</span> 
     </span>
    </p>
   </div>
   <div class='ocr_carea' id='block_1_4' title="bbox 28 2134 1121 3608">
    <p class='ocr_par' dir='ltr' id='par_1_4' title="bbox 28 2134 1121 3608">
     <span class='ocr_line' id='line_1_24' title="bbox 65 2134 1071 2222; baseline -0.005 -20"><span class='ocrx_word' id='word_1_158' title='bbox 65 2138 214 2222; x_wconf 90' lang='lat' dir='ltr'>pelleret,</span> <span class='ocrx_word' id='word_1_159' title='bbox 242 2139 355 2220; x_wconf 87' lang='lat' dir='ltr'>stupra</span> <span class='ocrx_word' id='word_1_160' title='bbox 377 2156 453 2200; x_wconf 85' lang='lat' dir='ltr'>vero</span> <span class='ocrx_word' id='word_1_161' title='bbox 477 2139 510 2199; x_wconf 89' lang='lat' dir='ltr'>et</span> <span class='ocrx_word' id='word_1_162' title='bbox 533 2135 691 2199; x_wconf 90' lang='lat' dir='ltr'>adulteria</span> <span class='ocrx_word' id='word_1_163' title='bbox 714 2139 747 2199; x_wconf 94' lang='lat' dir='ltr'>et</span> <span class='ocrx_word' id='word_1_164' title='bbox 769 2156 863 2200; x_wconf 92' lang='lat' dir='ltr'>omne</span> <span class='ocrx_word' id='word_1_165' title='bbox 885 2136 952 2199; x_wconf 90' lang='lat' dir='ltr'>tale</span> <span class='ocrx_word' id='word_1_166' title='bbox 979 2134 1071 2220; x_wconf 89' lang='lat' dir='ltr'>flagi·</span> 
     </span>
     <span class='ocr_line' id='line_1_25' title="bbox 65 2223 1071 2307; baseline -0.002 -19"><span class='ocrx_word' id='word_1_167' title='bbox 65 2224 149 2289; x_wconf 91' lang='lat' dir='ltr'>tium</span> <span class='ocrx_word' id='word_1_168' title='bbox 179 2223 279 2287; x_wconf 89' lang='lat' dir='ltr'>nullis</span> <span class='ocrx_word' id='word_1_169' title='bbox 312 2223 446 2289; x_wconf 85' lang='lat' dir='ltr'>excitari</span> <span class='ocrx_word' id='word_1_170' title='bbox 477 2223 550 2287; x_wconf 85' lang='lat' dir='ltr'>aliis</span> <span class='ocrx_word' id='word_1_171' title='bbox 582 2223 752 2288; x_wconf 88' lang='lat' dir='ltr'>inlecebris</span> <span class='ocrx_word' id='word_1_172' title='bbox 783 2223 847 2286; x_wconf 90' lang='lat' dir='ltr'>nisi</span> <span class='ocrx_word' id='word_1_173' title='bbox 878 2223 1071 2307; x_wconf 81' lang='lat' dir='ltr'>voluptatis3</span> 
     </span>
     <span class='ocr_line' id='line_1_26' title="bbox 66 2310 1071 2395; baseline -0.004 -18"><span class='ocrx_word' id='word_1_174' title='bbox 66 2334 202 2395; x_wconf 90' lang='lat' dir='ltr'>cumque</span> <span class='ocrx_word' id='word_1_175' title='bbox 219 2311 344 2376; x_wconf 90' lang='lat' dir='ltr'>homini</span> <span class='ocrx_word' id='word_1_176' title='bbox 363 2312 430 2376; x_wconf 82' lang='lat' dir='ltr'>sire</span> <span class='ocrx_word' id='word_1_177' title='bbox 448 2315 566 2376; x_wconf 90' lang='lat' dir='ltr'>natura</span> <span class='ocrx_word' id='word_1_178' title='bbox 583 2311 651 2377; x_wconf 86' lang='grc'><strong>1111</strong></span> <span class='ocrx_word' id='word_1_179' title='bbox 675 2311 747 2395; x_wconf 90' lang='lat' dir='ltr'>quis</span> <span class='ocrx_word' id='word_1_180' title='bbox 766 2310 843 2376; x_wconf 90' lang='lat' dir='ltr'>deus</span> <span class='ocrx_word' id='word_1_181' title='bbox 861 2311 944 2375; x_wconf 90' lang='lat' dir='ltr'>nihil</span> <span class='ocrx_word' id='word_1_182' title='bbox 963 2314 1071 2374; x_wconf 90' lang='lat' dir='ltr'>mente</span> 
     </span>
     <span class='ocr_line' id='line_1_27' title="bbox 28 2399 1071 2485; baseline -0.002 -22"><span class='ocrx_word' id='word_1_183' title='bbox 28 2417 54 2456; x_wconf 79' lang='lat'>2⁵</span> <span class='ocrx_word' id='word_1_184' title='bbox 67 2400 296 2485; x_wconf 89' lang='lat' dir='ltr'>praestabilius</span> <span class='ocrx_word' id='word_1_185' title='bbox 316 2399 465 2482; x_wconf 87' lang='lat' dir='ltr'>dedisset,</span> <span class='ocrx_word' id='word_1_186' title='bbox 482 2399 558 2464; x_wconf 93' lang='lat' dir='ltr'>huic</span> <span class='ocrx_word' id='word_1_187' title='bbox 577 2399 684 2464; x_wconf 87' lang='lat' dir='ltr'>divino</span> <span class='ocrx_word' id='word_1_188' title='bbox 700 2399 876 2465; x_wconf 70' lang='lat' dir='ltr'>muneriac</span> <span class='ocrx_word' id='word_1_189' title='bbox 890 2400 974 2463; x_wconf 91' lang='lat' dir='ltr'>dono</span> <span class='ocrx_word' id='word_1_190' title='bbox 988 2399 1071 2462; x_wconf 93' lang='lat' dir='ltr'>nihil</span> 
     </span>
     <span class='ocr_line' id='line_1_28' title="bbox 67 2486 1121 2571; baseline -0.003 -20"><span class='ocrx_word' id='word_1_191' title='bbox 67 2492 136 2552; x_wconf 92' lang='lat' dir='ltr'>tam</span> <span class='ocrx_word' id='word_1_192' title='bbox 159 2509 229 2553; x_wconf 89' lang='lat' dir='ltr'>esse</span> <span class='ocrx_word' id='word_1_193' title='bbox 250 2487 416 2552; x_wconf 90' lang='lat' dir='ltr'>inimicum</span> <span class='ocrx_word' id='word_1_194' title='bbox 440 2508 537 2570; x_wconf 90' lang='lat' dir='ltr'>quam</span> <span class='ocrx_word' id='word_1_195' title='bbox 559 2488 775 2571; x_wconf 72' lang='lat' dir='ltr'>voluptatem,</span> <span class='ocrx_word' id='word_1_196' title='bbox 800 2508 861 2552; x_wconf 90' lang='lat' dir='ltr'>nec</span> <span class='ocrx_word' id='word_1_197' title='bbox 888 2487 973 2551; x_wconf 89' lang='lat' dir='ltr'>enim</span> <span class='ocrx_word' id='word_1_198' title='bbox 1000 2486 1071 2550; x_wconf 87' lang='lat' dir='ltr'>libi·</span> <span class='ocrx_word' id='word_1_199' title='bbox 1090 2501 1121 2548; x_wconf 82' lang='lat'>41</span> 
     </span>
     <span class='ocr_line' id='line_1_29' title="bbox 68 2575 1072 2659; baseline -0.002 -19"><span class='ocrx_word' id='word_1_200' title='bbox 68 2577 141 2640; x_wconf 89' lang='lat' dir='ltr'>dine</span> <span class='ocrx_word' id='word_1_201' title='bbox 169 2575 353 2640; x_wconf 91' lang='lat' dir='ltr'>dominante</span> <span class='ocrx_word' id='word_1_202' title='bbox 380 2575 614 2659; x_wconf 89' lang='lat' dir='ltr'>temperantiae</span> <span class='ocrx_word' id='word_1_203' title='bbox 637 2575 743 2640; x_wconf 90' lang='lat' dir='ltr'>locum</span> <span class='ocrx_word' id='word_1_204' title='bbox 767 2596 850 2658; x_wconf 90' lang='lat' dir='ltr'>esse,</span> <span class='ocrx_word' id='word_1_205' title='bbox 880 2596 983 2658; x_wconf 92' lang='lat' dir='ltr'>neque</span> <span class='ocrx_word' id='word_1_206' title='bbox 1006 2595 1072 2638; x_wconf 91' lang='lat' dir='ltr'>om·</span> 
     </span>
     <span class='ocr_line' id='line_1_30' title="bbox 66 2661 1072 2748; baseline -0.003 -21"><span class='ocrx_word' id='word_1_207' title='bbox 66 2663 143 2727; x_wconf 94' lang='lat' dir='ltr'>nino</span> <span class='ocrx_word' id='word_1_208' title='bbox 175 2663 210 2727; x_wconf 93' lang='lat' dir='ltr'>in</span> <span class='ocrx_word' id='word_1_209' title='bbox 240 2663 419 2746; x_wconf 88' lang='lat' dir='ltr'>voluptatis</span> <span class='ocrx_word' id='word_1_210' title='bbox 451 2683 551 2748; x_wconf 88' lang='lat' dir='ltr'>regno</span> <span class='ocrx_word' id='word_1_211' title='bbox 583 2662 738 2727; x_wconf 85' lang='lat' dir='ltr'>virtutem</span> <span class='ocrx_word' id='word_1_212' title='bbox 764 2682 859 2746; x_wconf 89' lang='lat' dir='ltr'>posse</span> <span class='ocrx_word' id='word_1_213' title='bbox 887 2661 1072 2727; x_wconf 85' lang='lat' dir='ltr'>consistere.</span> 
     </span>
     <span class='ocr_line' id='line_1_31' title="bbox 68 2749 1072 2836; baseline -0.002 -21"><span class='ocrx_word' id='word_1_214' title='bbox 68 2750 161 2826; x_wconf 87' lang='lat' dir='ltr'>Quod</span> <span class='ocrx_word' id='word_1_215' title='bbox 183 2773 246 2834; x_wconf 92' lang='lat' dir='ltr'>quo</span> <span class='ocrx_word' id='word_1_216' title='bbox 270 2751 375 2835; x_wconf 89' lang='lat' dir='ltr'>magis</span> <span class='ocrx_word' id='word_1_217' title='bbox 398 2750 545 2836; x_wconf 84' lang='lat' dir='ltr'>intellegi</span> <span class='ocrx_word' id='word_1_218' title='bbox 568 2753 688 2834; x_wconf 88' lang='lat' dir='ltr'>posset,</span> <span class='ocrx_word' id='word_1_219' title='bbox 709 2750 832 2836; x_wconf 89' lang='lat' dir='ltr'>fingere</span> <span class='ocrx_word' id='word_1_220' title='bbox 855 2751 962 2814; x_wconf 88' lang='lat' dir='ltr'>animo</span> <span class='ocrx_word' id='word_1_221' title='bbox 985 2749 1072 2813; x_wconf 90' lang='lat' dir='ltr'>iube-</span> 
     </span>
     <span class='ocr_line' id='line_1_32' title="bbox 29 2837 1072 2922; baseline -0.004 -19"><span class='ocrx_word' id='word_1_222' title='bbox 29 2855 55 2895; x_wconf 71' lang='grc'>31</span> <span class='ocrx_word' id='word_1_223' title='bbox 67 2840 127 2903; x_wconf 90' lang='lat' dir='ltr'>bat</span> <span class='ocrx_word' id='word_1_224' title='bbox 144 2842 239 2903; x_wconf 88' lang='lat' dir='ltr'>tanta</span> <span class='ocrx_word' id='word_1_225' title='bbox 253 2839 424 2903; x_wconf 91' lang='lat' dir='ltr'>incitatum</span> <span class='ocrx_word' id='word_1_226' title='bbox 439 2839 581 2922; x_wconf 89' lang='lat' dir='ltr'>aliquem</span> <span class='ocrx_word' id='word_1_227' title='bbox 595 2839 764 2922; x_wconf 88' lang='lat' dir='ltr'>voluptate</span> <span class='ocrx_word' id='word_1_228' title='bbox 779 2837 931 2922; x_wconf 90' lang='lat' dir='ltr'>corporis,</span> <span class='ocrx_word' id='word_1_229' title='bbox 951 2840 1072 2920; x_wconf 88' lang='lat' dir='ltr'>quanta</span> 
     </span>
     <span class='ocr_line' id='line_1_33' title="bbox 68 2925 1072 3011; baseline -0.004 -20"><span class='ocrx_word' id='word_1_230' title='bbox 68 2926 191 3011; x_wconf 90' lang='lat' dir='ltr'>percipi</span> <span class='ocrx_word' id='word_1_231' title='bbox 213 2930 324 3010; x_wconf 91' lang='lat' dir='ltr'>posset</span> <span class='ocrx_word' id='word_1_232' title='bbox 346 2927 501 3010; x_wconf 74' lang='lat' dir='ltr'>maxima,</span> <span class='ocrx_word' id='word_1_233' title='bbox 523 2925 645 2989; x_wconf 92' lang='lat' dir='ltr'>nemini</span> <span class='ocrx_word' id='word_1_234' title='bbox 668 2926 819 2991; x_wconf 89' lang='lat' dir='ltr'>censebat</span> <span class='ocrx_word' id='word_1_235' title='bbox 840 2925 910 2990; x_wconf 87' lang='lat' dir='ltr'>fore</span> <span class='ocrx_word' id='word_1_236' title='bbox 931 2925 1072 3008; x_wconf 90' lang='lat' dir='ltr'>dubium,</span> 
     </span>
     <span class='ocr_line' id='line_1_34' title="bbox 68 3013 1072 3099; baseline -0.003 -21"><span class='ocrx_word' id='word_1_237' title='bbox 68 3014 237 3098; x_wconf 91' lang='lat' dir='ltr'>quintam</span> <span class='ocrx_word' id='word_1_238' title='bbox 261 3014 323 3098; x_wconf 91' lang='lat' dir='ltr'>diu,</span> <span class='ocrx_word' id='word_1_239' title='bbox 349 3014 424 3078; x_wconf 89' lang='lat' dir='ltr'>dum</span> <span class='ocrx_word' id='word_1_240' title='bbox 447 3014 494 3078; x_wconf 91' lang='lat' dir='ltr'>ita</span> <span class='ocrx_word' id='word_1_241' title='bbox 518 3014 681 3096; x_wconf 83' lang='lat' dir='ltr'>gauderet,</span> <span class='ocrx_word' id='word_1_242' title='bbox 702 3014 784 3077; x_wconf 91' lang='lat' dir='ltr'>nihil</span> <span class='ocrx_word' id='word_1_243' title='bbox 809 3013 933 3099; x_wconf 87' lang='lat' dir='ltr'>agitare</span> <span class='ocrx_word' id='word_1_244' title='bbox 957 3015 1072 3094; x_wconf 92' lang='lat' dir='ltr'>mente,</span> 
     </span>
     <span class='ocr_line' id='line_1_35' title="bbox 68 3098 1073 3186; baseline -0.003 -20"><span class='ocrx_word' id='word_1_245' title='bbox 68 3102 151 3166; x_wconf 90' lang='lat' dir='ltr'>nihil</span> <span class='ocrx_word' id='word_1_246' title='bbox 173 3102 308 3186; x_wconf 83' lang='lat' dir='ltr'>ratione,</span> <span class='ocrx_word' id='word_1_247' title='bbox 330 3101 413 3166; x_wconf 89' lang='lat' dir='ltr'>nihil</span> <span class='ocrx_word' id='word_1_248' title='bbox 437 3101 633 3186; x_wconf 87' lang='lat' dir='ltr'>cogitatione</span> <span class='ocrx_word' id='word_1_249' title='bbox 659 3102 812 3185; x_wconf 90' lang='lat' dir='ltr'>consequi</span> <span class='ocrx_word' id='word_1_250' title='bbox 834 3104 954 3185; x_wconf 88' lang='lat' dir='ltr'>posset.</span> <span class='ocrx_word' id='word_1_251' title='bbox 990 3098 1073 3174; x_wconf 84' lang='lat' dir='ltr'>Quo·</span> 
     </span>
     <span class='ocr_line' id='line_1_36' title="bbox 69 3187 1072 3272; baseline -0.004 -18"><span class='ocrx_word' id='word_1_252' title='bbox 69 3190 154 3255; x_wconf 84' lang='lat' dir='ltr'>circe</span> <span class='ocrx_word' id='word_1_253' title='bbox 184 3190 266 3253; x_wconf 89' lang='lat' dir='ltr'>nihil</span> <span class='ocrx_word' id='word_1_254' title='bbox 298 3211 368 3254; x_wconf 92' lang='lat' dir='ltr'>esse</span> <span class='ocrx_word' id='word_1_255' title='bbox 399 3193 469 3254; x_wconf 91' lang='lat' dir='ltr'>tam</span> <span class='ocrx_word' id='word_1_256' title='bbox 501 3189 692 3254; x_wconf 88' lang='lat' dir='ltr'>detestabile</span> <span class='ocrx_word' id='word_1_257' title='bbox 724 3193 855 3272; x_wconf 88' lang='lat' dir='ltr'>tamque</span> <span class='ocrx_word' id='word_1_258' title='bbox 883 3187 1072 3272; x_wconf 88' lang='lat' dir='ltr'>pestiferum</span> 
     </span>
     <span class='ocr_line' id='line_1_37' title="bbox 31 3277 1072 3362; baseline -0.004 -20"><span class='ocrx_word' id='word_1_259' title='bbox 31 3293 55 3333; x_wconf 75' lang='lat'>³⁵</span> <span class='ocrx_word' id='word_1_260' title='bbox 69 3301 166 3362; x_wconf 90' lang='lat' dir='ltr'>quam</span> <span class='ocrx_word' id='word_1_261' title='bbox 184 3279 396 3362; x_wconf 85' lang='lat' dir='ltr'>voluptatem,</span> <span class='ocrx_word' id='word_1_262' title='bbox 415 3277 573 3361; x_wconf 89' lang='lat' dir='ltr'>siquidem</span> <span class='ocrx_word' id='word_1_263' title='bbox 592 3299 638 3356; x_wconf 87' lang='lat' dir='ltr'>ea,</span> <span class='ocrx_word' id='word_1_264' title='bbox 657 3299 728 3343; x_wconf 92' lang='lat' dir='ltr'>cum</span> <span class='ocrx_word' id='word_1_265' title='bbox 747 3278 851 3342; x_wconf 92' lang='lat' dir='ltr'>maior</span> <span class='ocrx_word' id='word_1_266' title='bbox 871 3280 956 3341; x_wconf 89' lang='lat' dir='ltr'>esset</span> <span class='ocrx_word' id='word_1_267' title='bbox 975 3280 1072 3359; x_wconf 87' lang='lat' dir='ltr'>atque</span> 
     </span>
     <span class='ocr_line' id='line_1_38' title="bbox 68 3363 1073 3452; baseline -0.004 -22"><span class='ocrx_word' id='word_1_268' title='bbox 68 3365 285 3452; x_wconf 85' lang='lat' dir='ltr'>longinquior,</span> <span class='ocrx_word' id='word_1_269' title='bbox 305 3387 398 3431; x_wconf 92' lang='lat' dir='ltr'>omne</span> <span class='ocrx_word' id='word_1_270' title='bbox 413 3365 513 3430; x_wconf 87' lang='lat' dir='ltr'>animi</span> <span class='ocrx_word' id='word_1_271' title='bbox 526 3366 635 3430; x_wconf 89' lang='lat' dir='ltr'>lumen</span> <span class='ocrx_word' id='word_1_272' title='bbox 650 3365 860 3450; x_wconf 88' lang='lat' dir='ltr'>extingueret.</span> <span class='ocrx_word' id='word_1_273' title='bbox 892 3363 981 3429; x_wconf 91' lang='lat' dir='ltr'>Haec</span> <span class='ocrx_word' id='word_1_274' title='bbox 1000 3385 1073 3428; x_wconf 88' lang='lat' dir='ltr'>cum</span> 
     </span>
     <span class='ocr_line' id='line_1_39' title="bbox 67 3451 1074 3539; baseline -0.005 -20"><span class='ocrx_word' id='word_1_275' title='bbox 67 3452 103 3519; x_wconf 83' lang='lat'>0.</span> <span class='ocrx_word' id='word_1_276' title='bbox 121 3453 239 3519; x_wconf 92' lang='lat' dir='ltr'>Pontio</span> <span class='ocrx_word' id='word_1_277' title='bbox 258 3451 412 3538; x_wconf 85' lang='lat' dir='ltr'>Samnite,</span> <span class='ocrx_word' id='word_1_278' title='bbox 434 3456 528 3539; x_wconf 83' lang='lat' dir='ltr'>patre</span> <span class='ocrx_word' id='word_1_279' title='bbox 550 3454 628 3538; x_wconf 88' lang='lat' dir='ltr'>eius,</span> <span class='ocrx_word' id='word_1_280' title='bbox 650 3474 671 3518; x_wconf 88' lang='lat' dir='ltr'>a</span> <span class='ocrx_word' id='word_1_281' title='bbox 693 3474 757 3537; x_wconf 93' lang='lat' dir='ltr'>quo</span> <span class='ocrx_word' id='word_1_282' title='bbox 781 3451 924 3517; x_wconf 81' lang='lat' dir='ltr'>Caudino</span> <span class='ocrx_word' id='word_1_283' title='bbox 947 3451 1074 3536; x_wconf 91' lang='lat' dir='ltr'>proelio</span> 
     </span>
     <span class='ocr_line' id='line_1_40' title="bbox 122 3561 913 3608; baseline 0.004 -3"><span class='ocrx_word' id='word_1_284' title='bbox 122 3565 266 3608; x_wconf 74' lang='lat' dir='ltr'>erolus.</span> <span class='ocrx_word' id='word_1_285' title='bbox 881 3561 913 3608; x_wconf 89' lang='lat'>10</span> 
     </span>
    </p>
   </div>
   <div class='ocr_carea' id='block_1_5' title="bbox 0 0 1229 3990">
    <p class='ocr_par' dir='ltr' id='par_1_5' title="bbox 0 0 1229 3990">
     <span class='ocr_line' id='line_1_41' title="bbox 0 0 1229 3990; baseline 0 0"><span class='ocrx_word' id='word_1_286' title='bbox 0 0 1229 3990; x_wconf 95' lang='lat' dir='ltr'> </span> 
     </span>
    </p>
   </div>
  </div>
 </body>
</html>
