2430 3990
306 169 473 237 Pnooan,
483 169 710 225 Psasnoxon
724 172 745 226 1.
778 177 798 255 5·
809 177 885 228 1-9.
1040 171 1102 235 199

420 347 729 414 PARADOXON
750 345 777 413 Ι.

174 448 244 517 Ὀτι
267 449 374 536 μόνον
397 449 435 518 τὸ
460 450 563 519 καλὸν
587 450 730 537 ἀγαθόν.

61 628 65 635 ·
159 591 291 675 Vereor,
314 615 354 658 ne
377 594 429 658 cui
450 598 594 659 vestrum
618 617 657 658 ex
675 593 914 660 Socraticorum
934 578 1139 700 hominum}

95 681 395 766 disputationibus,
415 703 481 747 non
503 685 551 746 ‘ex
578 704 650 747 meo
680 704 775 747 sensu
803 684 995 769 deprompta
1021 684 1101 749 haec

53 788 80 834 'a
95 769 244 835 videatur
267 771 380 853 oratio,
404 770 524 854 dicam,
547 771 633 854 quod
657 771 775 854 sentio,
798 775 917 856 tamen,
941 775 974 836 et
997 771 1101 837 dicam

94 857 240 940 brevius,
264 880 361 942 quam
384 878 435 922 res
458 861 553 922 tanta
576 858 638 922 dici
660 863 778 943 potest.
823 858 1009 943 Numquam
1033 859 1102 924 her·

95 946 166 1010 cule
195 966 254 1030 ego
280 966 382 1029 neque
405 946 557 1030 pecunias
574 946 719 1012 ,istorum
741 968 844 1030 neque
867 951 954 1012 tecta
977 947 1101 1033 magni-

93 1034 156 1098 fica
187 1054 290 1117 neque
322 1054 399 1118 opes
432 1056 536 1117 neque
567 1034 705 1118 imperia
740 1056 843 1118 neque
880 1056 948 1118 eas,
985 1036 1101 1118 quibus

71 1138 245 1186 ‘maxume
272 1122 398 1186 astricti
426 1126 514 1206 sunt,
541 1122 727 1206 voluptates
750 1122 785 1185 in
807 1122 903 1187 bonis
925 1122 1021 1186 rebus
1046 1126 1102 1186 aut

56 1231 81 1272 ro
95 1209 282 1294 expetendis
305 1230 375 1272 esse
397 1209 490 1293 duxi,
519 1210 637 1294 quippe
665 1232 737 1275 cum
759 1210 902 1274 viderem
929 1211 1026 1274 rebus
1049 1210 1101 1274 his

94 1297 345 1362 circumfluentis
375 1318 413 1361 ea
444 1302 554 1362 tamen
586 1297 767 1362 desiderare
799 1298 952 1382 maxime,
985 1298 1101 1382 quibus

95 1384 305 1449 abundarent.
341 1382 453 1468 Neque
477 1386 561 1450 enim
585 1408 739 1469 umquam
763 1387 911 1471 expletur
929 1408 987 1451 nec
1006 1387 1102 1450 satia·

94 1477 149 1536 tur
172 1472 359 1556 cupiditatis
382 1473 467 1556 sitis,
490 1495 594 1558 neque
617 1475 723 1539 solum
747 1496 785 1538 ea
809 1474 863 1558 qui
886 1474 1008 1539 habent
1031 1474 1102 1538 libi·

95 1560 169 1624 dine
197 1560 335 1645 augendi
362 1562 558 1646 cruciantur,
591 1561 647 1625 red
679 1562 778 1627 etiam
806 1562 977 1626 amittendi
1005 1565 1102 1626 metu.

56 1647 136 1711 15111
158 1668 222 1730 quo
245 1648 392 1731 equidem
405 1649 767 1714 continentissimorum
794 1649 975 1734 hominum,
1004 1650 1136 1714 maio-r

93 1756 169 1799 rum
190 1740 391 1820 nostrorum,
418 1758 513 1822 saepe
537 1737 666 1821 requiro
693 1737 911 1822 prudentiam,
940 1736 995 1821 qui
1022 1738 1102 1802 haec

93 1823 248 1889 inbecilla
275 1828 308 1888 et
335 1825 579 1890 commutabilia
613 1825 778 1910 [pecuniae
811 1826 969 1906 membra]
1002 1826 1101 1890 verbo

94 1913 195 1975 bona
217 1915 420 1995 putaverunt,
437 1914 644 1998 appellanda,
672 1935 744 1978 cum
767 1935 802 1977 re
825 1933 863 1978 ac
884 1912 980 1978 factis
1004 1913 1102 1999 longe

95 1998 191 2063 aliter
218 1999 455 2064 iudicavissent.
500 2000 655 2065 Potestne
682 2001 803 2064 bonum
833 2001 983 2084 cuiquam
1015 2001 1101 2065 malo

57 2107 81 2148 a
95 2109 174 2167 esse,
194 2090 251 2150 aut
269 2089 378 2170 potest
397 2088 567 2169 quisquam
585 2087 619 2150 in
638 2086 837 2151 abundantia
854 2087 1014 2152 bonorum
1033 2087 1102 2172 ipse

95 2195 165 2240 esse
188 2195 254 2237 non
277 2174 403 2237 bonus?
440 2172 543 2257 Atqui
565 2174 630 2238 ista
653 2175 762 2238 omnia
784 2174 866 2238 talia
887 2174 1042 2258 videmus,
1065 2180 1102 2239 ut

94 2267 127 2327 et
149 2259 281 2345 inprobi
303 2259 446 2325 habeant
474 2265 507 2325 et
533 2261 641 2326 absint
667 2262 788 2346 probis,
835 2260 939 2337 Quam
967 2262 1009 2327 ob
1033 2278 1136 2326 rems

94 2351 171 2415 licet
194 2348 346 2431 inrideat,
374 2349 402 2413 si
426 2349 589 2434 quivult,
612 2349 686 2434 plus
710 2350 795 2434 apud
818 2373 869 2416 me
892 2354 1003 2415 tamen
1025 2372 1103 2416 vera

93 2439 179 2503 ratio
203 2436 326 2502 valebit
349 2459 446 2521 quam
467 2437 559 2523 vulgi
582 2438 706 2522 opini03
732 2459 835 2523 neque
864 2459 924 2525 ego
948 2446 1102 2522 umquam

58 2544 81 2586 rs
94 2527 182 2591 bona
204 2525 381 2609 perdidisse
400 2525 513 2608 dicam,
537 2525 655 2609 siquis
675 2547 771 2609 pecus
791 2531 848 2591 aut
867 2527 1102 2612 supellectilem

96 2613 254 2696 amiserit,
291 2634 350 2677 nec
381 2634 447 2677 non
479 2634 574 2697 saepe
606 2613 746 2678 laudabo
784 2615 963 2700 sapientem
999 2615 1127 2698 illum,·

94 2701 259 2783 Biantem‚
282 2705 319 2764 ut
343 2701 470 2786 opinor,
499 2701 554 2784 qui
576 2705 765 2766 numeratur
787 2703 822 2766 in
845 2708 982 2788 septem,
1012 2703 1102 2768 cuius

94 2809 194 2872 quom
221 2789 363 2873 patriam
389 2787 541 2853 Prienam
568 2789 707 2873 cepisset
732 2789 838 2855 hostis
866 2792 1028 2875 ceterique
1055 2791 1103 2854 ita

93 2877 258 2961 fugerent,
290 2880 326 2940 ut
357 2876 463 2940 multa
494 2876 532 2940 de
560 2877 627 2940 suis
654 2877 750 2941 rebus
779 2881 998 2961 asportarent,
1030 2900 1107 2954 cum,

56 2967 182 3029 coesset
201 2963 384 3030 admonitus
403 2986 423 3028 a
441 2964 589 3047 quodam,
610 2968 647 3027 ut
665 2964 751 3028 idem
768 2965 838 3049 ipse
856 2965 986 3049 faceret,
1005 2963 1101 3049 ‘Ego

94 3049 210 3134 vero',
242 3051 361 3134 inquit,
390 3050 520 3134 ‘faci03
550 3073 636 3116 nam
664 3052 790 3116 omnia
818 3074 960 3117 mecum
987 3055 1101 3136 porto

67 3136 195 3217 ,mea'
249 3138 311 3203 Ille
343 3139 423 3203 haec
454 3139 595 3203 ludibria
626 3135 776 3204 fortunae
807 3161 848 3203 ne
882 3162 940 3204 sua
973 3139 1136 3222 quideme
1167 3217 1169 3221 ,

94 3227 236 3313 putavit,
265 3248 346 3310 quae
373 3248 433 3292 nos
457 3227 659 3312 appellamus
683 3227 782 3292 etiam
805 3227 899 3292 bona.
945 3225 1028 3301 Quid
1052 3231 1102 3292 est

93 3315 205 3401 igitur,
229 3319 362 3398 quaeret
385 3315 512 3404 aliquis,
535 3316 678 3380 bonum?
725 3313 767 3399 Si,
791 3316 877 3400 quod
900 3319 985 3380 recte
1008 3315 1047 3378 fit
1070 3319 1102 3379 et

51 3422 79 3464 as
93 3404 230 3468 honeste
263 3407 296 3467 et
328 3424 400 3469 cum
432 3403 566 3487 virtute,
597 3403 631 3467 id
662 3403 744 3468 bene
776 3404 846 3468 fieri
873 3426 948 3469 vero
976 3402 1102 3488 dicitur,

94 3491 181 3576 quod
197 3494 321 3567 rectum
341 3495 374 3556 et
392 3491 571 3556 honestum·
584 3496 617 3555 et
636 3513 708 3556 cum
726 3491 848 3557 virtute
866 3495 926 3577 est,
944 3491 977 3556 id
996 3492 1101 3556 solum
