2430 3990
130 157 193 222 150
366 155 458 210 CATO
477 155 596 210 MAIOR
613 155 662 209 DE
681 155 893 213 sannorum

77 337 110 384 52
129 341 201 383 rum
214 340 342 384 morsus
356 319 500 384 munitur
518 319 606 383 vallo
620 318 802 383 aristarum.
836 317 919 393 Quid
938 339 998 404 ego
1017 320 1136 384 vitium

129 410 229 492 ortus,
253 411 353 492 satus,
372 407 570 472 incrementa
589 406 857 472 commemorem?
895 405 1014 471 Satiari
1032 407 1136 473 deleo·

128 495 252 560 tatione
274 516 340 560 non
362 517 508 579 possum,
537 499 574 560 ut
601 517 690 560 meae
714 495 888 560 senectutis
910 494 1054 579 requiem
1078 495 1136 560 ob-

128 583 420 666 lectamentumque
451 583 603 647 noscatis.
656 582 779 648 Omitto
813 583 898 647 enim
929 583 996 648 vim
1027 584 1136 668 ipsam

129 671 285 753 omnium,
313 692 394 754 quae
422 674 618 755 generantur
646 693 663 734 e
690 675 791 755 terra3
819 692 899 754 quae
927 692 966 735 ex
988 671 1041 737 fici
1064 675 1136 737 tan-
1161 691 1171 731 ι

128 758 198 822 tulo
231 768 346 843 grano
366 762 422 822 aut
454 780 492 822 ex
525 758 609 823 acini
639 758 771 823 vinaceo
804 762 860 824 aut
888 781 926 823 ex
953 763 1137 826 ceterarum

127 845 258 930 frugum
287 849 343 910 aut
374 846 524 930 stirpium
555 846 781 910 minutissimis
814 847 990 912 seminibus
1022 851 1136 914 tantos

127 936 259 998 tnmcos
291 954 462 1018 ramosque
494 938 650 1018 procreet.
698 933 857 1017 Malleoli,
888 936 1033 1020 plantae,
1068 958 1136 1000 sar-

128 1025 246 1106 menta,
264 1021 464 1106 viviradices,
482 1022 676 1106 propagines
690 1042 795 1086 nonne
810 1020 961 1106 efficiunt,
976 1027 1012 1087 ut
1027 1045 1136 1108 quem-

127 1109 272 1175 viscum
297 1110 510 1175 admiratione
539 1111 642 1176 delect
644 1111 720 1175 ent?
764 1109 822 1174 Vit
823 1110 851 1173 is
808 1111 1020 1195 tquidem,
1050 1133 1135 1195 quae
1150 1131 1171 1171 ιι

126 1201 244 1261 natura
266 1197 458 1262 caducat
408 1203 498 1262 este
500 1198 608 1281 t,nisi
630 1197 715 1263 fulta
681 1202 796 1282 test,
818 1199 882 1263 fert
868 1202 921 1263 tur
942 1199 982 1263 ad
1001 1203 1135 1285 terram,

127 1285 251 1369 eadem,
283 1289 320 1348 ut
348 1307 382 1350 se
410 1286 528 1370 erigat,
561 1286 727 1351 claviculis
759 1287 825 1350 suis
853 1286 946 1370 quasi
973 1287 1135 1373 manibus,

128 1372 277 1456 quicquid
296 1376 346 1436 est
364 1377 439 1438 nact
441 1395 468 1456 a,
487 1373 725 1457 complectitur3
744 1395 841 1456 quam
855 1379 1038 1458 serpentem
1054 1378 1135 1439 mul·

125 1460 232 1545 tiplici
259 1461 354 1546 lapsu
381 1465 413 1525 et
399 1460 577 1524 terratico
604 1461 691 1525 ferro
723 1465 894 1561 amputans
925 1466 1050 1526 coercet
1078 1485 1133 1528 ars

127 1549 353 1634 agricolarum,
371 1571 411 1612 ne
430 1548 582 1613 silvescat
601 1548 771 1612 sarmentis
790 1548 851 1612 et
841 1570 876 1611 m
890 1570 1000 1613 omnes
1019 1554 1132 1634 partes
1149 1567 1172 1608 1⁵

75 1655 107 1702 aa
125 1637 227 1701 nimia
248 1636 410 1701 fundatur.
454 1636 570 1719 Itaque
592 1635 722 1699 ineunte
743 1657 818 1700 vere
842 1635 952 1721 iniis,
980 1660 1061 1721 quae
1084 1660 1133 1703 re-

126 1724 204 1790 licta
227 1728 311 1808 sunt,
335 1724 444 1787 existit
466 1727 634 1807 tamquam
658 1723 698 1788 ad
719 1724 872 1790 articulos
892 1730 1133 1791 sarmentorum

127 1834 172 1896 ea,
196 1833 278 1895 quae
302 1833 430 1897 gemma
451 1811 575 1890 dicitur,
599 1834 619 1875 a
638 1833 701 1894 qua
720 1811 825 1876 oriens
844 1835 908 1877 uva
927 1835 961 1876 se
980 1814 1132 1897 ostendit,

127 1921 209 1983 quae
232 1903 265 1964 et
289 1921 364 1965 suco
387 1903 492 1963 terrae
518 1902 551 1963 et
579 1898 685 1963 calore
713 1898 792 1962 solis
820 1919 996 1984 augescens
1023 1901 1130 1984 primo

127 1991 177 2052 est
194 1988 370 2072 peracerba
388 1990 529 2074 gustatu,
549 1985 661 2050 deiude
680 1989 844 2051 maturata
863 1987 1017 2053 dulcescit
1035 1990 1131 2052 vesti·
1148 2008 1174 2047 se

126 2081 224 2160 taque
251 2075 411 2160 pampinis
444 2097 502 2140 uec
533 2074 658 2139 modico
691 2078 803 2159 tepore
835 2080 923 2140 caret
950 2079 983 2141 et
1011 2074 1130 2141 nimios

127 2165 205 2228 solis
238 2163 379 2228 defendit
412 2164 549 2228 ardores.
604 2161 675 2237 Qua
707 2162 784 2246 quid
815 2167 924 2247 potest
956 2185 1025 2228 esse
1057 2185 1130 2228 cum

125 2252 232 2316 fructu
255 2252 381 2334 laetius,
404 2254 475 2315 tum
497 2254 630 2334 aspectu
652 2251 843 2334 pulchrius?
880 2249 977 2314 Cuius
1000 2250 1129 2333 quidem

125 2360 191 2403 nou
213 2337 338 2402 utilitas
362 2359 414 2402 me
437 2339 555 2419 solum,
582 2341 619 2400 ut
647 2341 722 2401 aute
751 2337 829 2420 dixi,
857 2336 912 2400 sed
940 2337 1037 2401 etiam
1066 2340 1129 2401 cul-

125 2431 201 2490 tura
224 2429 256 2488 et
278 2428 395 2490 natura
417 2425 488 2510 ipsa
516 2425 668 2508 delectat,
697 2424 964 2489 adminiculorum
992 2424 1129 2510 ordines,
1145 2443 1171 2483 2⁵

126 2513 268 2597 capitum
291 2513 428 2598 iugatio,
455 2512 607 2598 religatio
632 2516 664 2576 et
686 2513 880 2598 propagatio
904 2513 1032 2595 vitium,
1063 2535 1129 2577 sar-

125 2604 308 2666 mentorum
332 2623 379 2685 ea,
402 2623 497 2684 quam
522 2601 595 2684 dixi,
619 2600 756 2665 aliorum
777 2601 967 2684 amputatio,
990 2601 1128 2665 aliorum

124 2689 280 2753 inmissio
327 2687 410 2763 Quid
438 2711 496 2774 ego
524 2689 745 2774 irrigationes,
776 2688 852 2773 quid
874 2688 1032 2753 fossiones
1056 2689 1128 2775 agri

125 2776 460 2860 repastinationesque
491 2777 668 2862 proferam,
701 2777 881 2860 quibust
844 2776 881 2839 fit
909 2778 1012 2841 multo
1039 2781 1128 2840 terra

72 2880 105 2930 tl
125 2864 312 2930 fecundior?
341 2864 417 2947 quid
442 2863 479 2928 de
502 2865 592 2928 utilit
578 2868 645 2929 tate
673 2865 843 3016 loquarst
812 2865 1032 2929 stercorandi?
1063 2851 1130 2928 dixi
1145 2882 1171 2922 ao

124 2952 159 3017 iu
182 2974 219 3018 eo
247 2953 345 3035 libro,
374 2974 468 3035 quem
496 2952 534 3017 de
560 2955 657 3018 rebus
685 2953 815 3018 rusticis
843 2952 969 3037 scripsi3
1000 2952 1037 3015 de
1066 2974 1131 3035 qua

125 3040 237 3106 doctus
261 3040 422 3104 Hesiodus
444 3062 484 3105 ue
503 3042 638 3105 verbum
657 3041 787 3125 quidem
809 3040 894 3124 fec1,
918 3062 988 3104 cum
1008 3039 1046 3103 de
1065 3041 1131 3104 cul·

124 3132 199 3192 tura
223 3129 295 3214 agri
318 3129 481 3193 scriberet.
518 3127 564 3192 At
583 3128 753 3212 Homerus,
777 3128 832 3212 qui
850 3127 971 3212 multis,
994 3131 1031 3190 ut
1049 3128 1131 3192 mihi

124 3216 259 3300 videtur,
284 3219 358 3281 ante
382 3216 517 3281 saeculis
540 3216 615 3300 fuit,
638 3217 790 3281 Latrtam
813 3215 986 3279 lenientem
1009 3215 1131 3280 deside·

124 3304 222 3388 rium,
250 3303 336 3388 quod
359 3304 507 3388 capiebat
530 3326 547 3369 e
569 3305 651 3388 filio,
679 3305 837 3370 colentem
861 3324 975 3387 agrum
998 3306 1032 3366 et
1055 3324 1130 3368 eum
1145 3319 1169 3362 ιι

124 3395 357 3458 stercorantem
375 3392 461 3458 facit.
497 3391 566 3458 Nec
584 3415 659 3458 vero
680 3391 844 3478 segetibus
860 3391 964 3455 solum
979 3393 1012 3453 et
1025 3391 1131 3474 pratis

124 3484 157 3544 et
170 3480 272 3545 vineis
290 3485 323 3546 et
342 3481 482 3545 arbustis
501 3502 553 3545 res
572 3482 711 3546 rusticae
730 3482 835 3544 laetae
851 3483 935 3560 sunt,
954 3478 1010 3543 sed
1022 3478 1131 3546 hortis
