2430 3990
439 165 514 222 clP.
534 171 559 234 a,
577 171 603 221 4.
634 171 764 231 sr-rs.
1034 165 1098 230 135

96 331 173 414 quia
196 314 397 394 conscientia
419 326 500 390 bene
524 329 614 391 actae
644 326 731 390 vitae
757 326 997 409 multorumque
1024 325 1105 390 bene

95 417 259 481 factorum
283 413 466 479 recordatio
490 413 720 478 iucundissima
748 417 806 478 est.
850 412 923 498 Ego
947 411 983 488 Q.
1005 411 1158 512 Maxi-1,

96 526 194 586 mum,
220 525 294 567 eum
314 502 369 586 qui
383 501 558 566 Tarentum
582 501 712 585 recepit,
731 521 839 566 senem
853 501 1039 566 adulescens
1058 499 1105 564 ita

99 591 205 672 dilexi,
233 593 270 654 ut
298 590 481 672 aequalem3
510 589 688 653 eratenim
716 589 750 653 in
773 589 831 653 illo
858 588 928 653 viro
952 587 1106 652 comitate

67 679 229 743 scondita
244 677 399 761 gravitas,
417 697 476 740 nec
494 679 641 740 senectus
660 697 766 740 mores
781 680 976 758 mutaverat3
997 697 1105 758 quam·

97 787 195 850 quam
221 786 294 829 eum
320 765 423 829 colere
447 763 538 847 coepi
560 785 626 827 non
649 763 820 828 admodum
843 763 999 848 grandem
1017 766 1106 845 natu,

98 853 154 916 sed
182 857 296 916 tamen
323 851 389 916 iam
418 853 525 915 aetate
552 854 750 934 provectum.
772 849 890 915 'Anno
918 850 1003 915 enirn
1029 853 1107 934 post

99 940 213 1005 consul
237 938 378 1023 primum
400 938 516 1021 fuerat,
540 960 637 1021 quam
659 959 720 1024 ego
743 941 840 1003 natus
863 960 948 1021 sum,
970 958 1105 1020 cumque

99 1049 137 1091 eo
162 1030 315 1109 quartum
339 1026 470 1090 consule
494 1025 753 1090 adulescentulus
776 1027 870 1090 miles
898 1025 938 1090 ad
961 1023 1105 1108 Capuam

56 1135 84 1174 ro
98 1112 265 1199 profectus
299 1113 374 1178 'sum
407 1113 584 1196 quintoque
616 1134 701 1177 anno
732 1118 809 1197 post
842 1112 883 1177 ad
919 1111 1105 1176 Tarentum.

99 1200 260 1276 Quaestor
284 1200 397 1265 deinde
425 1200 634 1283 quadriennio
662 1205 737 1284 post
759 1199 865 1265 factus
893 1221 977 1281 sum,
1010 1220 1106 1282 quem

99 1289 332 1374 magistratum
364 1287 452 1373 gessi
482 1287 667 1351 consulibus
701 1287 862 1352 Tuditano
892 1290 925 1351 et
952 1285 1106 1370 Cethego,

98 1398 171 1442 cum
192 1375 320 1459 quidem
338 1375 395 1438 ille
418 1374 590 1438 admodum
614 1396 710 1439 senex
733 1395 847 1440 suasor
870 1374 952 1460 legis
975 1372 1106 1439 Cinciae
1190 1401 1197 1415 ,

100 1463 139 1527 de
162 1463 255 1527 donis
279 1465 312 1527 et
335 1461 521 1526 muneribus
543 1461 615 1525 fuit.
659 1461 722 1527 Hie
746 1466 779 1526 et
801 1463 889 1527 bella
912 1462 1046 1547 gerebat
1068 1465 1106 1525 ut

59 1569 84 1608 rs
100 1550 303 1633 adulescens,
331 1572 404 1614 cum
426 1550 523 1633 plane
547 1549 678 1634 grandis
701 1553 800 1633 esset,
828 1552 861 1614 et
887 1549 1105 1613 Hannibalem

98 1637 284 1702 iuveniliter
306 1639 504 1701 exultantem
522 1636 681 1720 patientia
700 1658 759 1701 sua
777 1637 961 1720 molliebat,
983 1636 1022 1701 de
1041 1657 1105 1719 quo

98 1726 264 1810 praeclare
287 1723 458 1788 familiaris
480 1726 591 1787 noster
613 1723 755 1788 Ennius:

142 1811 248 1876 Unus
271 1811 385 1876 homo
408 1810 525 1875 nobis
550 1811 765 1876 cunctando
788 1811 969 1875 restituit
991 1832 1078 1875 rem.

143 1898 315 1963 Noenum
338 1919 513 1963 rumores
536 1899 710 1983 ponebat
733 1902 824 1963 ante
848 1899 1020 1962 salutem.

58 2006 84 2043 «ο
143 1985 247 2072 Ergo
284 1989 454 2070 postque
490 1986 694 2070 magisque
729 1986 805 2050 viri
840 2007 938 2050 nuno
979 1985 1105 2069 gloria

839 2073 971 2136 claret.

99 2161 276 2224 Tarentum
298 2181 376 2223 vero
405 2180 469 2241 qua
495 2158 681 2242 vigilantia,
714 2179 777 2241 quo
805 2158 940 2223 consilio
970 2157 1105 2242 recepitl
1124 2170 1156 2222 ιι

99 2270 171 2313 cum
196 2247 324 2330 quidem
352 2267 403 2310 me
432 2244 581 2310 audiente
606 2243 795 2329 Salinatori,
824 2247 879 2328 qui
907 2244 1026 2310 amisso
1051 2266 1106 2329 op·

99 2335 175 2419 pido
207 2333 338 2419 fugerat
369 2333 403 2397 in
431 2354 550 2415 arcem,
582 2333 739 2418 glorianti
766 2337 863 2417 atque
894 2333 942 2396 ita
974 2332 1106 2397 dicenti:

100 2422 194 2486 ‘Mea
208 2442 337 2504 opera,
351 2419 505 2504 oraui,
518 2420 724 2485 Tarentum
738 2420 946 2506 recepisti’:
961 2418 1106 2503 ‘Certc’,

59 2528 86 2566 2⁵
100 2509 206 2592 inquit
227 2509 349 2592 ridens,
378 2508 475 2572 ‘nam
497 2508 575 2572 nisi
597 2513 638 2573 tu
661 2507 875 2592 amisisses,
902 2529 1105 2590 numquam

100 2595 352 2680 recepissem.'
398 2594 467 2659 Nec
490 2617 565 2660 vero
588 2596 622 2659 in
645 2597 744 2660 armis
767 2595 986 2680 praestantior
1007 2616 1105 2677 quam

99 2684 133 2747 in
156 2686 249 2768 toga,
273 2683 328 2766 qui
351 2682 462 2746 consul
486 2682 605 2746 iterum
628 2681 681 2766 Sp.
705 2681 846 2748 Carvilio
869 2682 996 2767 collega
1020 2681 1106 2765 quie·

101 2773 209 2834 scente
228 2768 262 2834 C.
275 2768 436 2834 Flaminio
451 2769 582 2834 tribuno
601 2771 716 2854 plebis,
731 2771 838 2853 quoad
850 2770 969 2854 potuit,
983 2768 1107 2833 restitit

101 2879 215 2942 agrum
242 2856 407 2922 Picentem
435 2860 468 2921 et
496 2855 658 2922 Gallicum
684 2857 809 2922 viritim
836 2862 950 2922 contra
973 2860 1105 2921 senatus

61 2962 87 3002 ³⁰
100 2945 328 3009 auctoritatem
359 2943 538 3028 dividenti3·
566 2965 732 3032 augurque
765 2967 837 3009 cum
870 2948 969 3027 esset,
1002 2945 1105 3009 dicere

101 3053 197 3096 ausus
226 3036 275 3095 est
303 3031 462 3114 optimis
490 3031 675 3115 auspiciis
708 3054 750 3096 ea
783 3032 881 3118 geri,
914 3052 1008 3115 quae
1036 3052 1105 3115 pro

100 3120 155 3183 rei
192 3119 373 3202 publicae
405 3118 532 3183 salute
565 3122 806 3203 gererentur,
842 3139 937 3204 quae
972 3122 1107 3184 eontra

100 3228 178 3271 rem
201 3206 396 3289 publicam
418 3204 628 3288 ferrentur,
651 3210 787 3270 contra
810 3206 984 3290 auspicia
1001 3206 1106 3271 ferri.

100 3293 207 3357 Multa
228 3292 263 3356 in
286 3314 323 3357 eo
347 3292 417 3357 viro
440 3293 608 3376 praeclara
635 3293 786 3377 cognovi,
814 3294 870 3358 sed
897 3294 979 3359 nihil
1008 3293 1106 3358 admi·
1125 3307 1160 3357 ra

62 3381 251 3463 orabilius,
271 3400 450 3463 quamquo
474 3379 569 3444 modo
588 3379 643 3443 ille
664 3384 803 3445 mortem
826 3381 886 3444 filii
912 3381 1001 3464 tulit,
1026 3381 1106 3445 clari

100 3468 163 3534 viri
186 3470 220 3532 et
238 3467 424 3532 consularis.
456 3466 519 3530 Est
532 3467 566 3531 in
581 3467 730 3532 manibus
744 3468 898 3550 laudatio,
918 3489 1014 3551 quam
1033 3489 1106 3532 cum
