2422 4004
129 187 192 252 170
427 183 581 239 ananius
599 183 648 237 DE
666 183 832 238 AMICITIA

75 362 108 411 aa
127 347 182 432 qui
205 346 336 412 omnino
359 367 519 430 nusquam
542 345 756 430 reperiuntur.
802 343 891 409 'Palis
919 345 1022 431 igitur
1050 345 1130 411 inter

125 436 213 500 viros
233 434 376 500 amicitia
394 438 504 498 tantas
523 434 762 518 oportunitates
784 433 894 517 habet,
918 436 1057 518 quantas
1081 435 1131 500 vix

126 545 208 607 queo
233 523 345 588 dicere.
380 522 544 607 Principio
569 522 623 605 qui
645 526 755 607 potest
776 542 844 586 esse
863 521 932 586 vita
955 521 1131 606 ‘vitalis',

125 615 163 675 ut
187 611 233 674 ait
255 610 388 687 Ennius,
413 631 494 692 quae
516 630 582 673 non
604 610 638 673 in
661 610 757 674 amici
778 613 892 674 mutua
914 609 1132 676 benivolentia

127 698 346 781 conquiescit?
383 695 466 771 Quid
485 697 608 761 dulcius
624 719 721 780 quam
734 698 863 781 habere,
882 697 1011 781 quicum
1026 700 1133 764 omnia

127 787 244 852 audeas
268 785 314 850 sic
337 785 427 868 loqui
449 788 486 848 ut
508 785 636 849 tecum?
682 783 744 860 Qui
767 789 852 850 esset
875 789 986 850 tantus
1008 785 1132 852 fructus

126 875 161 939 in
183 873 347 958 prosperis
371 873 476 956 rebus,
499 872 563 937 nisi
585 872 730 956 haberes,
754 873 809 957 qui
831 873 898 937 illis
922 895 1023 958 aeque
1042 897 1080 940 ac
1099 879 1133 938 tu
1163 887 1165 893 '

126 963 196 1046 ipse
220 962 398 1047 gauderet?
422 961 573 1026 adversas
596 982 672 1026 vero
695 960 779 1024 ferre
803 960 933 1026 difficile
956 966 1042 1026 esset
1066 963 1133 1027 sine

127 1072 178 1135 eo,
201 1051 257 1133 qui
278 1051 353 1115 illas
378 1049 508 1134 gravius
533 1049 632 1113 etiam
655 1071 752 1132 quam
774 1052 811 1114 tu
834 1049 943 1114 ferret.
987 1049 1133 1134 Denique

127 1144 252 1204 ceterae
275 1160 336 1222 res,
359 1160 440 1221 quae
464 1141 666 1222 expetuntur,
690 1141 868 1221 oportunae
891 1141 967 1203 sunt
985 1139 1133 1224 singulae
1145 1154 1161 1196 1⁰

126 1228 223 1292 rebus
245 1226 313 1290 fere
336 1226 483 1310 singulis,
507 1225 647 1309 divitiae,
669 1229 706 1290 ut
728 1228 830 1310 utare,
854 1247 940 1310 opes,
963 1229 1000 1291 ut
1018 1227 1134 1309 colare,

126 1315 275 1396 honores,
297 1317 335 1377 ut
358 1313 496 1396 laudere,
519 1314 713 1399 voluptates,
736 1317 773 1377 ut
796 1314 950 1398 gaudeas,
976 1314 1130 1398 valitudo,

126 1405 164 1466 ut
187 1401 298 1465 dolore
322 1421 430 1464 careas
454 1404 486 1464 et
509 1401 695 1465 muneribus
717 1399 853 1486 fungare
876 1402 1034 1487 corporis,
1058 1403 1134 1468 ami-

127 1488 205 1554 citia
222 1509 274 1552 res
290 1487 446 1573 plurimas
465 1488 622 1571 continet3
641 1510 769 1574 quoquo
788 1494 821 1552 te
840 1490 984 1572 verteris,
1002 1495 1132 1574 praesto

128 1581 187 1660 est,
202 1577 292 1641 nullo
307 1577 378 1641 loco
394 1576 581 1655 excluditur,
599 1598 776 1659 numquam
789 1576 1027 1661 intempestiva,
1045 1591 1164 1642 num-1⁵

129 1688 226 1749 quarn
245 1664 383 1728 molesta
402 1667 465 1746 est3
483 1664 592 1747 itaque
610 1685 677 1728 non
693 1686 785 1747 aqua,
803 1686 870 1729 non
887 1665 964 1750 igni,
983 1669 1020 1729 ut
1035 1667 1135 1749 aiunt,

47 1796 49 1801 -
128 1753 207 1817 locis
226 1752 374 1835 pluribus
393 1751 514 1815 utimur
533 1773 630 1835 quam
649 1752 799 1816 amicitia.
836 1750 949 1834 Neque
968 1773 1029 1837 ego
1050 1776 1136 1819 nunc

128 1841 166 1904 de
190 1839 319 1924 vulgari
342 1842 398 1903 aut
421 1839 459 1902 de
480 1839 641 1923 mediocri,
665 1861 746 1921 quae
764 1844 875 1903 tamen
891 1839 963 1923 ipsa
982 1843 1015 1902 et
1033 1840 1135 1906 delec-

127 1931 178 1993 tat
202 1931 234 1991 et
257 1926 398 2011 prodest,
423 1927 478 1991 sed
501 1927 634 1991 devera
657 1931 690 1991 et
712 1926 856 2011 perfecta
878 1927 1003 2010 loquor,
1027 1929 1134 2010 qualis

129 2038 249 2099 eorum,
273 2015 327 2098 qui
350 2015 449 2099 pauci*
466 2015 684 2098 nominantur,
705 2015 777 2079 fuit.
812 2015 899 2082 Nam
923 2018 955 2079 et
978 2017 1165 2080 secundasu

128 2126 180 2168 res
209 2103 440 2189 splendidiores
467 2104 547 2168 facit
574 2104 717 2169 amicitia
744 2107 777 2167 et
808 2104 960 2169 adversas
990 2104 1134 2187 partiens

130 2192 432 2276 communicansque
455 2193 601 2258 leviores.

24 2314 30 2320 ·
91 2255 108 2316 7
197 2280 364 2362 Quomque
387 2279 544 2363 plurimas
559 2283 592 2342 et
611 2279 768 2343 maximas
787 2279 1033 2344 commoditates
1057 2280 1134 2343 ami-

72 2331 110 2382 23
130 2367 207 2431 citia
234 2367 410 2450 contineat,
438 2369 509 2430 tum
535 2367 594 2429 illa
620 2366 774 2429 nimirum
801 2360 947 2448 praestat
975 2367 1134 2450 omnibuS,

131 2454 215 2537 quod
238 2454 357 2519 bonam
381 2474 470 2537 spem
493 2453 660 2537 praelucet
682 2453 717 2516 in
743 2456 910 2537 posterum
937 2475 996 2518 nec
1024 2455 1135 2519 debili·
1148 2470 1165 2511 2!

129 2542 194 2606 tari
217 2541 341 2606 animos
365 2544 422 2605 aut
444 2541 556 2605 cadere
579 2540 711 2623 patitur.
742 2540 864 2606 Verum
887 2541 973 2606 enim
996 2542 1135 2608 amicum

129 2630 185 2713 qui
207 2630 360 2712 intuetur,
382 2633 550 2713 tamquam
572 2629 737 2713 exemplar
759 2629 890 2712 aliquod
912 2629 1057 2695 intuetur
1076 2631 1135 2695 sui.

130 2716 288 2792 Quocirca
315 2720 348 2780 et
375 2717 524 2780 absentes
553 2716 671 2781 adsunt
698 2720 731 2781 et
758 2721 889 2801 egentes
913 2718 1079 2783 abundant
1103 2722 1136 2783 et

128 2804 272 2869 inbecilli
299 2804 410 2868 valent
437 2806 483 2888 et,
511 2803 596 2888 quod
624 2803 785 2869 difficilius
811 2806 898 2870 dictu
922 2809 985 2889 est,
1014 2807 1136 2870 mortui

128 2892 255 2977 vivunt,
278 2895 390 2956 tantus
414 2913 468 2956 eos
491 2892 604 2976 honos,
626 2893 791 2977 memoria,
815 2893 1006 2957 desiderium
1027 2909 1165 2977 prosc-a

130 2980 241 3063 quitur
268 2979 452 3045 amicorum.
497 2979 547 3044 Ex
575 3001 638 3063 quo
663 2980 795 3045 illorum
818 2981 915 3045 beata
938 2990 1025 3046 mors
1049 2981 1135 3046 vide-

128 3072 192 3146 tur,
214 3068 331 3132 horum
349 3067 419 3133 vita
436 3067 618 3132 laudabilis.
655 3067 776 3143 Quodsi
795 3069 950 3134 exemeris
970 3091 1009 3133 ex
1027 3090 1137 3133 rerum

128 3159 247 3221 natura
274 3155 511 3220 benivolentiae
539 3156 810 3241 coniunctionem,
839 3179 898 3222 nec
925 3157 1038 3222 domus
1067 3158 1137 3222 ulla

128 3264 197 3312 nec,
214 3243 293 3307 urbs
322 3247 408 3307 stare
435 3243 570 3328 poterit,
601 3265 642 3308 ne
675 3245 746 3329 agri
776 3245 904 3328 quidem
932 3245 1038 3309 cultus
1066 3267 1137 3328 per·

129 3331 282 3395 manebit.
327 3330 365 3393 ld
389 3331 416 3395 si
439 3331 545 3395 minus
568 3331 783 3417 intellegitur,
811 3337 933 3416 quanta
955 3332 1004 3396 vis
1029 3333 1165 3397 amici-e

123 3419 194 3482 tiae
213 3419 464 3502 concordiaeque
483 3419 535 3503 sit,
559 3441 596 3483 ex
620 3419 873 3484 dissensionibus
893 3425 990 3503 atque
1014 3442 1052 3484 ex
1077 3421 1139 3485 dis·

122 3506 245 3572 cordiis
265 3506 404 3593 perspici
422 3509 541 3591 potest.
573 3506 661 3578 Quae
680 3508 765 3572 enim
785 3509 897 3573 domus
914 3513 984 3572 tam
999 3508 1140 3594 stabilis,
