2430 3990
380 170 455 228 oAP.
477 177 588 227 11-13.
625 177 772 237 §ar-44,
1018 171 1079 234 177

70 355 210 418 poenam
226 330 296 395 Tib.
311 329 448 397 Gracchi
468 333 692 416 sustinuimus3
712 333 749 396 de
765 329 799 396 C.
814 330 951 401 Gracchi
971 337 1080 397 autem

70 422 242 484 tribunatu
266 419 342 501 quid
366 425 539 504 expectem,
564 443 630 486 non
653 421 743 485 lubet
767 421 928 505 augurari.
973 419 1081 504 Serpit

70 510 94 590 †
119 508 231 572 deinde
255 529 315 590 reS,
339 529 420 591 quae
444 509 596 590 proclivis
621 510 661 572 ad
684 509 865 592 perniciem,
889 531 960 572 cum
980 510 1080 572 semel

72 596 193 680 coepit,
221 596 351 660 labitur.
396 594 537 680 Videris,
565 597 597 661 in
627 597 749 660 tabella
771 597 834 659 iam
860 602 934 660 ante
959 601 1080 680 quanta

48 686 117 748 ssit
144 684 232 748 facta
260 684 364 765 labes,
395 685 501 767 primo
530 683 669 749 Gabinia
696 685 782 769 lege,
814 684 943 748 biennio
971 689 1080 748 autem

71 776 148 857 post
176 769 298 835 Cassia.
343 769 460 836 Videre
490 773 556 836 iam
583 773 694 837 videor
725 773 882 856 populum
915 794 934 836 a
966 777 1080 837 senatu

73 861 282 941 disiunctum,
319 860 536 924 multitudinis
574 861 710 925 arbitrio
743 882 794 924 res
828 860 984 924 maximas
1017 863 1080 946 agi.

71 948 186 1012 Plures
220 949 306 1011 enim
338 948 478 1032 discent,
519 971 614 1032 quem
646 949 686 1013 ad
717 947 848 1012 modum
880 948 959 1014 haec
991 949 1081 1032 fiant,

74 1059 172 1118 quam
192 1057 286 1119 quem
306 1036 346 1099 ad
366 1037 495 1100 modum
514 1037 554 1101 iis
579 1037 757 1101 resistatur.
795 1035 955 1110 Quorsum
979 1037 1080 1101 hacc‘?
1099 1053 1135 1102 42

48 1124 156 1198 oQuia
180 1124 248 1187 sine
272 1124 367 1188 sociis
392 1147 485 1189 nemo
511 1125 682 1209 quicquam
705 1125 771 1188 talc
799 1129 942 1188 conatur.
987 1125 1081 1189 Prae·

74 1212 256 1296 cipiendum
281 1216 331 1276 cst
354 1212 455 1297 igitur
478 1213 582 1297 bonis,
606 1217 651 1296 ut,
674 1212 702 1277 si
724 1213 758 1276 in
782 1213 850 1276 eius
869 1211 956 1276 modi
975 1212 1082 1276 amici-

74 1301 137 1364 tias
166 1301 273 1384 ignari
301 1321 375 1365 casu
405 1301 513 1385 aliquo
541 1301 724 1384 inciderint,
753 1322 793 1364 ne
822 1301 1007 1365 existiment
1035 1301 1082 1364 ita

74 1411 109 1452 se
133 1389 297 1472 alligatos,
320 1392 357 1451 ut
381 1389 421 1452 ab
447 1389 557 1453 amicis
580 1390 613 1452 in
633 1411 751 1474 magna
770 1389 880 1472 aliqua
898 1411 932 1452 re
950 1389 1081 1473 publica

74 1476 284 1560 peccantibus
307 1498 372 1540 non
391 1477 569 1560 discedant,
592 1478 738 1561 inprobis
762 1481 869 1544 autem
893 1499 997 1561 poena
1018 1483 1081 1541 sta-

49 1565 194 1628 ⁵tuenda
217 1568 276 1647 est,
298 1586 356 1629 nec
379 1587 455 1630 vero
480 1566 586 1630 minor
607 1566 656 1650 iis,
682 1565 737 1648 qui
761 1565 860 1629 secuti
885 1570 979 1629 erunt
1003 1567 1081 1629 alte·

75 1675 157 1734 rum,
180 1674 276 1736 quam
294 1652 345 1736 iis,
368 1653 423 1735 qui
442 1653 504 1736 ipsi
522 1653 643 1717 fuerint
661 1654 839 1737 impietatis
861 1654 965 1717 duces.
1002 1652 1080 1729 Quis

74 1740 194 1805 clarior
221 1740 254 1802 in
283 1738 418 1805 Graecia
445 1741 675 1824 Themistocle,
708 1742 779 1824 quis
807 1741 993 1825 potentior?
1026 1741 1080 1825 qui

74 1851 147 1893 cum
170 1829 348 1912 imperator
371 1829 458 1893 bello
482 1829 610 1894 Persico
635 1830 790 1894 servitute
812 1829 980 1895 Graeciam
1004 1830 1082 1893 libe·

74 1917 214 1980 ravisset
227 1920 423 2000 propterque
439 1918 593 1981 invidiam
612 1918 647 1980 in
665 1917 796 1981 exilium
815 1918 967 2001 expulsus
987 1921 1083 2000 esset,

50 2004 224 2088 oingratae
242 2004 369 2086 patriae
388 2005 538 2068 iniuriam
557 2027 620 2069 non
640 2005 726 2086 tulit,
746 2026 841 2087 quam
860 2004 945 2068 ferre
962 2004 1081 2087 debuit,

73 2091 152 2155 fecit
169 2091 263 2170 idem,
284 2092 368 2173 quod
386 2114 428 2154 xx
448 2093 539 2155 annis
559 2095 633 2154 ante
653 2092 737 2175 apud
756 2113 815 2154 nos
833 2091 954 2156 fecerat
973 2090 1082 2156 Corio·

74 2181 179 2280 lanus.
215 2177 276 2242 His
297 2179 424 2243 adiutor
443 2184 556 2244 contra
574 2179 714 2263 patriam
733 2180 882 2244 inventus
902 2183 951 2243 est
973 2201 1082 2262 nemo,

74 2268 185 2350 itaque
218 2270 304 2331 mort
306 2290 357 2330 em
390 2268 519 2332 sibit
482 2291 503 2331 u
505 2272 617 2352 terque
650 2267 813 2332 conscivit.
863 2266 1018 2342 Quaret
1004 2267 1081 2331 talis
1100 2284 1133 2332 4³

74 2355 285 2439 inproborum
304 2357 472 2420 consensio
490 2378 555 2421 non
574 2356 669 2421 modo
693 2355 897 2420 excusatione
921 2355 1081 2420 amicitiae

50 2443 215 2528 etegenda
237 2465 303 2508 non
322 2447 380 2528 cst,
404 2444 536 2509 sedt
478 2467 519 2528 po
522 2445 586 2509 tius
607 2444 765 2528 supplicio
785 2466 872 2508 cmm
864 2436 1082 2508 'vindicanda

76 2534 139 2613 est,
166 2535 203 2594 ut
229 2552 270 2594 nc
298 2532 369 2614 quis
397 2554 584 2598 concessum
607 2535 699 2616 putet
723 2532 861 2597 amicum
883 2532 936 2597 vel
959 2532 1082 2596 bellum

74 2619 201 2704 patriae
232 2617 371 2682 inferent
357 2623 423 2683 tem
456 2621 560 2704 sequi3
592 2621 676 2703 quod
710 2620 851 2704 quidem,
883 2623 920 2684 ut
951 2641 1003 2685 res
1035 2621 1081 2683 ire

75 2707 195 2789 coepit,
227 2706 313 2769 haud
346 2707 411 2771 scio
444 2729 485 2771 an
517 2708 690 2791 aliquando
722 2709 866 2773 futurum
900 2709 951 2772 sit.
1000 2708 1082 2772 Mihi

76 2798 185 2859 autem
207 2815 273 2859 non
297 2794 414 2857 minori
438 2817 531 2859 curae
554 2800 616 2880 est,
644 2796 750 2881 qualis
777 2818 829 2860 res
852 2797 983 2880 publica
1006 2800 1081 2880 post

48 2886 214 2947 omortem
238 2904 345 2946 meam
367 2881 418 2946 fut
404 2885 491 2965 tura,
515 2905 611 2965 quam
635 2884 741 3033 qualis
763 2884 859 2949 hodie
883 2885 935 2948 sit.

141 2969 261 3034 Haec
253 2971 355 3055 igitur
377 2971 483 3054 prima
506 2972 557 3034 lex
581 2972 742 3035 amicitiae
770 2972 893 3036 sanciat
894 2994 996 3054 ur,u
975 2950 1151 3076 utab413

76 3058 187 3124 amicis
211 3058 348 3122 honesta
371 3063 532 3143 petamus,
556 3059 733 3123 amicorum
757 3081 853 3123 causa
875 3059 992 3123 honest
978 3062 1013 3122 ta
1035 3028 1134 3123 fa·44

75 3147 207 3224 ciamus,
225 3169 264 3210 ne
279 3151 499 3231 exspectemus
515 3147 651 3230 quidem,
667 3147 742 3210 dum
756 3167 954 3232 rogemur3s
939 3147 1082 3210 studium

76 3256 203 3317 semper
234 3235 332 3319 adsit,
365 3235 504 3301 cunctat
496 3257 527 3299 10
560 3235 645 3299 absit
632 3239 662 3318 t3
695 3235 863 3300 consilium
896 3255 973 3298 vero
1007 3234 1082 3299 darc

48 3323 250 3387 reticeamus
282 3324 391 3387 libere.
446 3323 625 3407 Plurimum
657 3324 692 3386 in
727 3324 869 3389 amicitia
906 3323 1081 3387 amicorum

73 3411 156 3475 bene
180 3412 384 3476 suadentium
405 3412 515 3476 valeat
538 3412 729 3495 auctoritas,
753 3434 853 3496 caque
877 3415 909 3475 et
933 3411 1081 3475 adhibea-

74 3503 129 3563 tur
148 3499 188 3563 ad
207 3500 400 3564 monendum
419 3521 487 3565 non
505 3501 600 3564 modo
621 3504 740 3585 aperte,
764 3501 819 3564 sed
839 3501 938 3564 ctiam
957 3500 1083 3574 acriter,

128 3609 183 3653 010.
196 3611 237 3652 1v.
252 3612 269 3651 8.
889 3609 922 3656 12
