2430 3990
362 180 438 236 aar.
459 187 562 246 raro.
599 187 745 248 §ss-vs.
996 181 1056 246 157

51 362 243 425 responsum
276 344 339 420 est,
376 363 448 406 cum
479 342 530 405 illi
563 342 742 425 quaerenti,
775 364 838 425 qua
864 342 996 407 tandem
1023 365 1058 407 re

51 430 156 493 fretus
180 429 242 493 sibi
265 432 334 492 tam
357 424 521 494 audaciter
544 430 730 513 obsisteret,
756 430 960 513 respondisse
984 431 1058 496 dici·

51 522 120 581 tur:
145 514 384 581 ‘Senectute'
417 515 480 580 Sed
502 516 631 582 vivendi
654 520 704 580 est
721 516 795 580 finis
815 518 966 602 optimus,
985 540 1058 583 cum

52 605 182 690 integra
196 608 303 668 mente
317 605 477 688 certisque
491 604 638 668 sensibus
653 625 733 688 opus
747 604 820 690 ipsa
834 626 926 669 suum
937 605 1058 689 eadem,

53 714 135 776 quae
159 692 412 776 coagmentavit,
443 696 561 756 natura
588 692 746 756 dissolvit.
791 691 838 756 Ut
863 714 993 778 navem,
1021 697 1058 757 ut

53 780 233 844 aedificium
255 780 341 843 idem
364 779 501 844 destruit
522 780 690 862 facillime,
714 779 769 863 qui
792 782 986 865 construxit,
1013 782 1058 846 sic

53 868 217 932 hominem
245 868 357 931 eadem
384 867 520 951 optime,
552 889 634 950 quae
662 868 911 953 conglutinavit,
940 873 1070 933 natura

55 955 212 1020 dissolvit.
256 954 326 1019 Iam
349 955 454 1019 omnis
478 954 715 1041 conglutinatio
738 976 848 1020 recens
873 977 983 1042 aegre,
1012 956 1058 1020 in-

53 1046 200 1107 veterata
217 1041 312 1107 facile
336 1042 508 1107 divellitur.
544 1042 597 1107 Ita
618 1043 670 1126 fit,
692 1046 730 1106 ut
751 1042 834 1107 illud
855 1044 953 1109 breve
971 1044 1057 1108 vitae

53 1131 213 1213 reliquum
235 1152 294 1195 nec
313 1131 404 1195 avide
423 1130 638 1215 adpetendum
658 1130 787 1194 senibus
805 1152 864 1195 nec
878 1131 947 1195 sine
961 1152 1057 1196 causa

53 1219 263 1283 deserendum
296 1217 352 1302 sir3
387 1221 540 1302 vetatque
568 1218 774 1304 Pythagoras
804 1218 928 1283 iniussu
960 1219 1057 1303 impe·
1076 1228 1109 1276 ‘13

54 1306 186 1390 ratoris,
215 1306 249 1369 id
272 1309 321 1369 est
345 1304 407 1390 dei,
430 1305 468 1369 de
491 1306 653 1390 praesidio
677 1311 710 1370 et
732 1306 873 1371 statione
896 1307 982 1372 vitae
1008 1307 1058 1370 de·

54 1393 174 1458 cedere.
210 1391 339 1458 Solonis
363 1393 491 1476 quidem
514 1394 670 1478 sapientis
693 1397 743 1458 est
766 1394 917 1480 elogium,
941 1417 1004 1478 quo
1024 1415 1058 1458 se

54 1484 153 1566 negat
175 1481 259 1546 velle
283 1503 374 1545 suam
398 1485 536 1545 mortem
560 1482 671 1546 dolore
692 1481 868 1547 amicorum
887 1486 920 1546 et
938 1483 1058 1547 lamen-

54 1570 96 1633 tis
115 1589 238 1634 vacare.
269 1567 358 1652 Volt,
381 1569 484 1652 crede,
507 1591 541 1633 se
564 1590 634 1634 esse
658 1592 767 1635 carum
791 1570 871 1654 suis,
894 1569 949 1634 sed
972 1569 1057 1634 haud

55 1657 120 1722 scio
145 1678 186 1719 an
209 1656 324 1720 melius
348 1655 485 1720 Ennius:

96 1742 217 1808 Nemo
251 1765 306 1807 me
338 1743 519 1808 lacrumis
553 1743 707 1809 decoret
737 1766 858 1828 neque
889 1743 1026 1810 funera

797 1833 899 1897 fletu

186 1919 308 1984 Faxit.

49 2005 129 2072 Non
152 2012 261 2071 censet
279 2006 452 2092 lugendam
467 2027 537 2070 esse
551 2009 699 2089 mortem,
723 2028 819 2089 quam
837 2007 1057 2072 inmortalitas

48 2098 278 2178 consequatur.
309 2093 380 2157 lam
403 2114 515 2158 sensus
538 2093 697 2158 moriendi
720 2093 836 2176 aliquis
856 2115 926 2158 esse
939 2098 1058 2179 potest,
1077 2105 1109 2151 7⁴

48 2182 145 2267 isque
168 2181 209 2245 ad
233 2181 384 2266 exiguum
406 2184 544 2264 tempus,
567 2180 758 2264 praesertim
782 2180 858 2264 seni,
881 2185 957 2265 post
975 2204 1057 2247 mor·

48 2274 120 2336 tem
144 2269 273 2353 quidem
296 2289 408 2333 sensus
432 2273 489 2332 aut
513 2267 673 2352 optandus
697 2271 753 2332 aut
777 2269 886 2333 nullus
906 2273 964 2333 est.
996 2268 1059 2334 Sed

48 2358 115 2424 hoc
138 2357 329 2421 meditatum
357 2357 398 2421 ab
432 2355 651 2423 adulescentia
678 2355 772 2420 debet
801 2377 886 2441 esse,
918 2361 1057 2422 mortem

48 2451 88 2511 ut
108 2446 330 2531 neglegamus,
353 2444 421 2509 sine
440 2466 505 2528 qua
522 2443 731 2509 meditatione
749 2444 927 2528 tranquillo
949 2445 1057 2511 animo
1171 2477 1173 2480 ’

48 2555 124 2600 esse
147 2554 240 2597 nemo
259 2535 378 2618 potest.
421 2531 624 2597 Moriendum
649 2531 734 2596 enim
756 2535 842 2597 certe
866 2535 928 2616 est,
956 2537 989 2597 et
1011 2534 1057 2596 in·

48 2625 176 2688 certum
201 2642 241 2684 an
261 2620 324 2684 hoc
342 2621 414 2703 ipso
433 2619 492 2684 die.
523 2618 663 2686 Mortem
681 2619 782 2705 igitur
800 2620 949 2684 omnibus
967 2621 1057 2685 horis

48 2707 279 2793 inpendentem
296 2707 412 2782 timens
433 2707 487 2790 qui
504 2707 627 2791 poterit
641 2707 748 2771 animo
767 2708 963 2772 consistere?
994 2708 1109 2775 Dellbl

48 2818 118 2881 qua
140 2816 205 2860 non
223 2796 271 2859 ita
289 2796 388 2880 longa
406 2794 625 2880 disputatione
644 2817 724 2881 opus
742 2815 811 2859 esse
830 2795 966 2880 videtur,
985 2818 1057 2861 cum

48 2883 203 2949 recorder
224 2904 289 2948 non
312 2883 347 2946 L.
369 2881 522 2967 Brutum,
552 2883 607 2966 qui
629 2882 664 2946 in
686 2882 854 2947 liberanda
875 2885 983 2967 patria
1006 2888 1057 2949 est

48 2970 257 3053 interfectus,
280 2992 346 3035 non
369 2971 448 3035 duos
462 2970 589 3054 Decios,
613 2970 668 3054 qui
682 2970 720 3035 ad
739 2972 956 3035 voluntariam
974 2993 1058 3037 mor·
1077 2981 1109 3029 75

48 3067 121 3125 tem
154 3079 282 3122 cursum
310 3079 464 3142 equorum
491 3058 721 3141 incitaverunt,
752 3078 819 3122 non
844 3057 887 3122 M.
910 3058 1058 3144 Atilium,

48 3147 109 3232 qui
133 3145 174 3210 ad
197 3145 391 3231 supplicium
410 3149 460 3210 est
477 3144 651 3229 profectus,
669 3149 706 3209 ut
722 3145 820 3210 fidem
838 3145 926 3210 hosti
947 3147 1056 3212 datam

48 3237 272 3317 conservaret,
299 3254 364 3298 non
389 3233 467 3299 duos
491 3231 671 3318 Scipiones,
699 3233 753 3316 qui
780 3234 843 3297 iter
864 3233 982 3299 Poenis
1005 3235 1056 3300 vel

48 3320 242 3407 corporibus
257 3321 324 3385 suis
339 3321 506 3387 obstruere
520 3322 701 3404 voluerunt,
723 3342 790 3385 non
804 3343 900 3386 avum
915 3325 1007 3386 tuum
1021 3322 1048 3388 L

48 3409 204 3492 Paulum,
237 3408 292 3492 qui
323 3414 428 3474 morte
455 3409 517 3474 luit
544 3410 689 3494 collegae
716 3408 751 3472 in
778 3407 939 3474 Cannensi
966 3411 1054 3496 igno·

48 3497 153 3562 minis
171 3497 398 3572 temeritatem.
420 3519 487 3563 non
504 3496 547 3563 M.
564 3496 763 3580 Marcellum,
781 3497 870 3562 cuius
888 3497 1056 3563 interitum
