2430 3990
423 167 498 222 car.
518 174 544 238 ι,
564 175 588 224 ι.
625 172 641 234 ι
662 172 773 223 ιι-ιι.
1040 168 1101 233 139

93 349 167 395 cum
191 331 298 393 aetate
321 328 546 412 processisset,
574 328 628 411 qui
652 326 813 393 Aristides
836 331 935 413 esset,
957 328 1103 412 Lysima-

93 416 190 481 chum
212 416 354 480 salutare
373 415 529 480 solitum?
564 415 724 498 Equidem
741 437 807 482 non
825 415 921 481 modo
941 437 995 480 eos
1013 417 1100 501 novi,

94 504 150 587 qui
173 506 258 586 sunt,
281 502 337 568 sed
360 524 471 568 eorum
493 506 603 588 patres
627 503 726 568 etiam
750 507 783 567 et
806 524 893 587 avos,
914 524 973 568 nec
996 505 1100 587 sepul-

93 613 149 656 cra
171 591 283 676 legens
306 612 429 675 vereor,
453 591 538 674 quod
561 593 660 675 aiunt,
683 613 723 655 ne
744 592 933 655 memoriam
952 591 1099 675 perdam3

64 679 146 745 shis
175 679 260 743 eninr
286 678 366 763 ipsis
394 678 539 765 legendis
565 679 600 741 ιιι
628 679 816 744 memoriam
839 679 933 742 redeo
957 681 1099 743 mortuo-

93 789 174 832 rum.
210 766 279 831 Nec
296 788 373 832 vero
393 788 587 851 quemquam
607 787 715 832 senem
735 766 843 832 audivi
864 766 1012 849 oblitum,
1035 787 1098 849 quo

93 856 166 921 loco
189 854 377 918 thesaurum
401 854 576 937 obruisset3
599 854 717 938 omnia,
741 876 821 938 quae
843 858 966 936 curant,
990 853 1099 918 memi-

92 945 219 1025 nerunt,
236 941 422 1007 vadimonia
435 942 622 1026 constituta,
636 942 707 1025 quis
720 941 791 1026 sibi,
806 941 856 1007 cui
869 941 933 1026 ipsi
951 942 1098 1006 debeant.

94 1028 241 1105 Quid?
231 1029 310 1094 ruris
330 1030 478 1113 consulti,
502 1029 600 1113 quid?
623 1029 806 1114 pontifices,
829 1030 927 1113 quid?
951 1049 1098 1114 augures,
1117 1047 1151 1097 ιι

51 1143 80 1184 ιο
95 1116 201 1219 quid?
203 1117 391 1201 philosophi
400 1138 492 1182 senes
507 1139 605 1200 quam
614 1117 719 1182 multa
728 1117 955 1182 meminerunt!
964 1117 1099 1182 Manent

92 1204 225 1290 ingenia
244 1205 383 1289 senibus,
400 1204 496 1270 modo
515 1208 704 1288 permaneat
690 1204 916 1268 studium
884 1227 901 1268 e
902 1204 1099 1288 tindustn'a,

92 1313 196 1375 neque
225 1313 263 1356 ea
290 1256 431 1356 ιοιιιιιι
421 1313 456 1356 m
482 1292 578 1356 elaris
599 1296 641 1357 et
666 1292 816 1357 honorat
792 1295 834 1356 ιιι
863 1292 956 1376 viris,
986 1292 1074 1357 sed
1065 1313 1100 1355 ιιι

93 1380 162 1446 vita
186 1379 285 1443 etiam
307 1380 435 1464 privata
458 1382 491 1443 et
515 1380 632 1463 quieta.
673 1377 850 1463 Sophocles
875 1379 915 1443 sd
938 1401 1098 1444 summam

94 1470 292 1533 senectutem
325 1467 509 1552 tragoedias
545 1467 636 1550 fecit3
673 1467 759 1550 quod
790 1470 924 1552 propter
955 1466 1098 1531 studium

55 1580 80 1622 ιι
95 1578 166 1621 cum
195 1576 263 1620 rem
290 1555 462 1640 neglegere
490 1554 685 1620 familiarem
712 1553 887 1638 videretur,
915 1577 933 1619 a
959 1555 1036 1619 filiis
1064 1555 1099 1618 in

93 1643 245 1707 iudicium
278 1645 411 1707 vocatus
444 1645 506 1725 est,
538 1647 590 1726 ut,
622 1664 717 1726 quem
750 1641 791 1706 ad
822 1641 952 1706 modum
984 1645 1097 1708 nostro

94 1751 183 1794 more
211 1730 296 1794 male
323 1751 391 1793 rem
423 1730 610 1815 gerentibus
642 1730 790 1814 patribus
823 1729 917 1795 bonis
949 1729 1098 1795 interdici

95 1817 187 1901 solet,
210 1817 256 1881 sic
278 1816 370 1881 illum
394 1817 486 1900 quasi
505 1817 715 1903 desipientem
734 1839 754 1882 a
771 1838 806 1882 re
823 1816 979 1882 familiari
997 1838 1098 1882 remo·

94 1907 207 1970 venerit
224 1903 353 1970 iudices.
385 1904 468 1969 Τιιιιι
487 1927 582 1970 senex
602 1905 717 1969 dicitur
736 1926 807 1968 cam
825 1904 980 1989 fabulam,
1001 1924 1097 1988 quam

54 2016 81 2058 ro
94 1992 129 2056 in
151 1992 300 2057 manibus
323 1992 465 2057 habebat
493 1997 526 2058 et
552 1992 698 2076 proxime
726 1992 913 2076 scripserat,
941 1991 1097 2076 Oedipum

95 2079 280 2158 Coloneum,
303 2081 455 2144 recitasse
479 2080 636 2144 iudicibus
658 2079 893 2163 quaesisseque,
915 2101 993 2143 num
1016 2079 1098 2143 illud
1162 2140 1169 2147 .

95 2189 225 2232 carmen
247 2166 416 2250 desipient
407 2187 435 2229 ιι
392 2166 628 2230 tvideretur.
674 2164 743 2240 Quo
766 2165 902 2230 recitato
928 2165 1097 2231 sententiis

94 2254 235 2319 iudicum
258 2256 308 2317 est
331 2253 496 2317 liberatus.
531 2252 619 2317 Num
641 2253 743 2338 igitur
765 2244 858 2336 hun'c,
880 2274 959 2317 num
981 2252 1098 2318 Home
1116 2270 1152 2320 as

95 2365 180 2426 rum,
202 2340 388 2424 Hesiodum,
413 2338 623 2425 Simonidem,
646 2338 879 2424 Stesichorum,
901 2362 992 2425 num,
1016 2363 1097 2424 quos

55 2452 81 2495 as
96 2434 170 2496 ante
203 2429 283 2514 dixi,
314 2428 495 2513 Isocraten,
528 2426 689 2514 Gorgian,
719 2450 798 2493 num
829 2428 1097 2513 philosophorum

94 2517 269 2603 principes,
296 2516 532 2603 Pythagoram,
554 2516 720 2581 Democrit
707 2520 790 2600 t,um
818 2538 897 2580 num
918 2515 1098 2600 Platonem,

94 2627 173 2669 num
203 2604 420 2690 Xenocraten,
450 2626 527 2669 num
558 2608 672 2688 postea
700 2566 873 2688 Zenonem,
906 2567 1098 2669 Cleanthem

95 2696 152 2758 aut
175 2714 261 2776 eum,
292 2714 387 2776 quem
409 2713 467 2758 ιοι
491 2692 588 2756 etiam
611 2691 718 2757 vidist
695 2695 737 2755 ιιι
760 2691 896 2776 Romae,
918 2692 1097 2778 Diogenem

95 2779 247 2882 Stoicum,
270 2779 409 2865 coegit
400 2802 434 2844 ιιι
457 2780 522 2845 suis
545 2779 660 2844 studiis
685 2780 905 2845 obmutescere
929 2779 1096 2844 senectus?

55 2891 82 2931 so
96 2890 138 2933 an
164 2867 199 2932 in
227 2867 375 2932 omnibus
403 2867 454 2930 his
478 2867 657 2932 studiorum
681 2867 818 2952 agitatio
841 2868 928 2933 vitae
952 2867 1097 2951 aequalis
1198 2900 1201 2904 ’

93 2954 178 3020 fuit?
224 2953 309 3041 Age,
331 2959 368 3020 ut
391 2955 455 3019 ista
479 2953 586 3019 divina
609 2954 716 3020 studia
738 2956 819 3020 omit
820 2958 941 3039 tamus,
962 2976 1097 3057 possum
1116 2970 1151 3021 24

94 3043 260 3107 nominare
288 3064 326 3106 ex
355 3062 434 3127 agro
462 3039 580 3106 Sabino
608 3042 747 3107 rusticos
770 3043 947 3125 Romanoa,
974 3044 1097 3108 vicinos

95 3135 128 3194 et
150 3129 327 3194 familiares
351 3150 453 3230 meos,
482 3129 596 3213 quibus
621 3129 809 3194 absentibus
831 3151 1008 3213 numquam
1030 3130 1097 3195 fere

94 3217 199 3282 ulla'
189 3239 224 3280 ιιι
251 3237 329 3301 agro
358 3217 482 3282 maiora
509 3238 607 3301 opera
633 3217 728 3301 fiunt,
756 3239 823 3282 non
850 3217 1006 3301 serendis,
1033 3239 1098 3282 non

54 3303 321 3389 espereipiendis,
343 3326 409 3369 non
432 3304 606 3369 condendis
626 3304 795 3370 fructibus.
839 3302 1041 3388 Quamquam
1063 3304 1099 3368 in

94 3392 167 3456 aliis
191 3392 297 3456 minus
315 3393 378 3458 hoc
398 3392 516 3457 mirum
535 3396 597 3478 est,
619 3413 715 3456 nemo
733 3391 818 3456 enim
837 3396 888 3456 est
905 3395 974 3456 tam
993 3413 1098 3473 senex,

91 3480 148 3563 qui
171 3499 205 3543 se
234 3501 353 3544 annum
383 3501 449 3545 non
476 3483 570 3565 putet
596 3501 692 3565 posse
718 3479 839 3565 vivere;
869 3479 925 3543 sed
951 3479 1036 3544 idem
1064 3478 1099 3542 in
