2430 3990
384 179 432 234 vl.
461 179 538 233 cnr.
557 186 582 246 a,
602 185 625 234 a
655 185 801 246 §rc-sa.
1034 179 1099 245 213

86 334 201 428 signa,
228 341 373 425 tabulas,
401 340 637 425 supellectilem
664 344 698 405 et
724 343 848 405 vestem
874 340 1001 405 infinite
1029 362 1103 406 con·

32 436 44 507 ’ς
91 429 271 513 cupiscenti
288 449 353 493 non
372 429 468 494 modo
488 429 528 493 ad
548 432 714 513 sumptum
736 428 792 493 ille
816 431 867 492 est
887 428 1023 513 fructus,
1046 428 1102 492 sed

92 518 192 583 etiam
225 517 266 582 ad
296 518 410 582 faenus
442 517 586 602 exiguus.
640 516 690 579 Ex
722 538 794 580 meo
826 517 917 581 tenui
948 516 1101 600 vectigali

93 605 248 670 detractis
277 605 460 689 sumptibus
489 604 675 688 cupiditatis
708 603 831 687 aliquid
863 604 962 670 etiam
988 605 1102 668 redun-

64 693 194 759 sdabit.
230 692 313 758 Uter
330 693 432 778 igitur
451 696 501 757 est
522 692 662 775 divitior,
684 692 737 757 cui
758 692 849 756 deest
872 715 913 756 an
936 693 986 757 cui
1010 713 1102 776 supe·

43 803 47 810 ’
93 782 168 846 rat?
197 781 253 864 qui
280 784 355 866 eget
382 803 423 845 an
450 780 506 864 qui
534 780 698 845 abundat?
729 780 818 845 cuius
845 780 1008 863 possessio
1038 800 1101 863 quo

13 943 17 949 ,
94 872 146 934 ast
167 869 284 952 maior,
312 869 446 953 coplus
470 868 606 951 requirit
630 869 728 932 adse
755 869 922 950 tuendam,
950 890 992 933 an
1019 888 1101 951 quae

95 957 161 1022 suis
185 978 220 1021 se
242 956 366 1021 viribus
390 956 550 1021 sustinet?
588 953 650 1020 Sed
672 956 748 1039 quid
768 976 828 1039 ego
848 956 886 1020 de
906 978 957 1019 me
977 957 1101 1039 loquor,
1120 972 1154 1021 50

95 1045 150 1128 qui
173 1067 300 1109 morum
324 1066 361 1109 ac
384 1049 568 1128 temporum
590 1043 670 1109 vitio
695 1044 897 1127 aliquantum
916 1044 1014 1108 etiam
1032 1044 1103 1127 ipse

10 1158 17 1196 i
40 1149 80 1189 '10
93 1134 234 1198 fortasse
257 1133 292 1196 in
314 1132 410 1196 huius
434 1133 554 1197 saeculi
578 1154 685 1197 errore
708 1131 838 1196 verser?
874 1131 926 1196 Μ’.
948 1131 1102 1195 Manilius

42 1287 50 1303 ,
94 1225 225 1306 patrum
247 1224 435 1285 nostrorum
458 1221 623 1303 memoria,
646 1241 686 1284 ne
710 1241 836 1304 semper
855 1218 969 1284 Curios
991 1223 1024 1283 et
1041 1219 1102 1284 Lu·
1201 1294 1204 1299 Α

95 1310 201 1375 scinos
230 1309 414 1392 loquamur,
445 1330 569 1393 pauper
598 1307 728 1373 tandem
755 1306 840 1372 fuit?
872 1308 989 1372 habuit
1016 1308 1103 1371 enim

54 1416 60 1430 ⁸
95 1397 256 1462 aediculas
279 1397 313 1460 in
337 1394 463 1462 Carinis
487 1400 520 1460 et
541 1396 676 1461 fundum
699 1397 735 1459 in
756 1395 937 1479 Labicano3
958 1417 1018 1460 nos
1043 1396 1102 1481 igi-

94 1490 149 1550 tur
172 1483 353 1568 divitiores,
383 1485 438 1568 qui
460 1485 555 1569 plura
578 1482 757 1549 habemus?
801 1483 937 1549 Utinam
960 1484 1101 1567 quidem!

10 1594 21 1633 ⁵
57 1589 81 1629 15
96 1572 152 1638 sed
174 1594 240 1636 non
263 1572 489 1636 aestimatione
512 1594 636 1655 census,
657 1594 770 1637 rerum
788 1572 876 1638 victu
895 1578 993 1656 atque
1012 1573 1103 1637 cultu

40 1710 44 1717 .
95 1659 289 1725 terminatur
303 1660 456 1743 pecuniae
470 1660 593 1724 modus.
625 1657 701 1724 Non
715 1681 784 1725 esse
798 1661 949 1744 cupidum
967 1660 1103 1745 pecunia
1122 1674 1153 1723 51

96 1751 160 1829 est,
186 1768 253 1811 non
280 1767 349 1810 esse
377 1768 518 1811 emacem
546 1747 686 1832 vectigal
717 1751 780 1829 est3
811 1753 998 1813 contentum
1027 1770 1103 1813 vero

56 1828 60 1840 '
96 1835 163 1900 suis
186 1835 283 1899 rebus
307 1856 377 1898 esse
400 1835 558 1899 maximas
582 1839 658 1899 sunt
682 1836 944 1920 certissimaeque
963 1835 1103 1900 divitiae.

95 1923 227 1989 Etenim
259 1923 288 1987 si
319 1922 378 1987 isti
409 1923 518 1987 callidi
549 1945 657 1988 rerum
689 1925 913 1989 aestimatores
946 1928 1041 2007 prata
1071 1928 1104 1988 et

10 2029 23 2067 a
57 2027 81 2069 ²0
96 2033 189 2077 areas
212 2010 369 2094 quasdam
392 2031 512 2096 magno
536 2012 718 2095 aestimant,
742 2012 828 2095 quod
851 2012 879 2075 ei
904 2012 1013 2096 generi
1032 2033 1104 2095 pos·

96 2100 278 2166 sessionum
310 2098 443 2162 minime
476 2098 569 2181 quasi
600 2100 709 2162 noceri
745 2103 870 2183 potest,
908 2101 1021 2182 quanti
1054 2103 1104 2162 est

95 2185 298 2254 'aestimanda
320 2186 439 2269 virtus,
466 2207 548 2270 quae
574 2207 633 2250 nec
661 2186 741 2270 eripi
765 2209 823 2251 nec
847 2187 972 2271 subripi
994 2189 1104 2271 potest

95 2298 199 2360 neque
228 2274 400 2360 naufragio
432 2295 534 2359 neque
566 2274 713 2340 incendic
746 2275 908 2338 amittitur
939 2296 997 2340 nec
1025 2279 1104 2339 tem·

96 2367 261 2450 pestatum
287 2384 346 2428 nec
372 2368 557 2447 temporum
584 2362 828 2445 perturbatione
852 2365 1008 2427 mutatur!
1040 2385 1104 2447 qua

10 2480 11 2485 ¹
54 2467 81 2507 ²⁵
96 2452 236 2537 praediti
255 2452 310 2536 qui
329 2455 414 2534 sunt,
432 2451 494 2516 soli
515 2454 589 2514 sunt
604 2450 734 2534 divites3
752 2451 815 2514 soli
833 2450 919 2515 enim
937 2452 1104 2535 possident
1122 2466 1155 2516 59

96 2561 149 2604 res
168 2543 201 2603 et
218 2539 400 2605 fructuosas
420 2544 453 2604 et
471 2539 685 2623 sempiternas
704 2539 837 2623 solique,
861 2539 947 2622 quod
965 2543 1015 2603 est
1031 2560 1104 2624 pro·

96 2627 204 2712 prium
228 2627 423 2711 divitiarum,
446 2627 589 2692 contenti
613 2630 688 2691 sunt
710 2627 807 2690 rebus
831 2627 906 2709 suis,
930 2627 1009 2690 satis
1034 2649 1103 2692 esse

97 2718 224 2799 putant,
247 2714 334 2796 quod
356 2719 415 2798 est,
437 2715 519 2779 nihil
541 2715 707 2800 adpetunt,
729 2714 821 2779 nulla
839 2736 874 2779 re
893 2719 998 2799 egent,
1021 2715 1103 2779 nihil

98 2802 161 2866 sibi
184 2801 294 2865 deesse
315 2803 468 2885 sentiunt,
491 2802 573 2866 nihil
591 2803 772 2886 requirunt3
795 2802 924 2886 inprobi
943 2807 1051 2866 autem
1071 2808 1104 2868 et

55 2909 82 2950 ao
97 2890 197 2973 avari,
221 2889 374 2973 quoniam
396 2889 535 2955 incertas
559 2894 657 2974 atque
679 2891 714 2954 in
736 2912 812 2955 casu
835 2890 959 2974 positas
979 2912 1104 2975 posses·

97 2979 205 3043 aiones
231 2978 354 3042 habent
381 2982 414 3042 et
440 2979 515 3062 plus
544 2998 670 3063 semper
702 2979 872 3063 adpetunt,
902 3000 962 3042 nec
993 3000 1104 3044 eorum

98 3067 269 3150 quisquam
287 3065 391 3130 adhuc
409 3066 559 3130 inventus
576 3070 634 3149 est,
652 3067 737 3150 quoi,
756 3067 841 3151 quod
855 3067 999 3149 haberet,
1018 3071 1104 3132 esset

98 3154 187 3236 satis,
209 3176 276 3220 non
298 3155 394 3219 modo
417 3175 482 3218 non
505 3153 628 3237 copiosi
651 3176 688 3219 ac
712 3155 838 3238 divites,
860 3155 917 3218 sed
940 3155 1039 3219 etiam
1057 3156 1103 3219 in·

98 3262 175 3327 opes
199 3263 236 3307 ac
258 3264 417 3327 pauperes
441 3241 647 3306 existimandi
670 3247 751 3308 sunt,
