2430 3990
398 167 475 226 cap,
496 175 536 237 re,
558 175 598 224 ιι.
636 175 782 235 ssa-er.
1033 166 1096 230 179

84 332 321 415 propter-eam
349 331 562 416 suscipiamus
589 331 779 396 molestias?
826 328 910 406 Quid
937 329 1023 394 enim
1050 329 1096 392 in-

86 421 191 483 terest
214 422 306 484 motu
328 420 428 484 animi
451 421 581 485 sublato
603 441 670 484 non
693 419 763 484 dico
785 419 872 483 inter
889 417 1044 503 pecudem
1063 420 1097 480 et

85 507 267 585 hominem,
295 508 351 573 sed
378 508 463 572 inter
486 508 650 573 hominem
674 511 706 572 et
729 511 879 572 truncum
903 509 959 570 aut
982 527 1097 569 saxum

87 598 146 660 aut
170 595 296 679 quidvis
320 596 448 682 generis
472 595 635 661 eiusdem?
680 594 794 679 Neque
823 595 908 660 enim
936 598 1012 658 sunt
1040 591 1097 656 isti

62 683 253 768 sauciandi,
283 685 339 768 qui
365 684 520 750 virtutem
549 684 661 748 duram
689 687 722 748 et
749 684 843 767 quasi
865 684 1003 747 ferream
1027 702 1097 745 esse

88 772 252 856 quandam
270 773 398 856 volunt;
417 795 498 856 quac
518 773 646 856 quidem
661 775 711 839 est
725 794 798 837 cum
813 772 925 835 multis
939 771 974 835 in
991 771 1097 853 rebus,

87 864 160 925 tum
183 859 217 924 in
241 860 383 925 amicitia
405 865 517 925 tenera
540 865 637 945 atque
659 861 858 944 tractabilis,
888 863 924 924 ut
947 862 980 924 et
1004 858 1096 923 bonis

88 947 186 1014 amici
218 949 311 1031 quasi
343 949 540 1014 diffundatur
572 953 605 1014 et
638 948 850 1014 incommodis
877 946 1097 1012 contrahatur.

89 1035 194 1111 Quam
217 1038 260 1102 ob
282 1059 350 1102 rem
370 1060 472 1123 angor
490 1038 561 1120 iste,
585 1037 640 1120 qui
658 1058 717 1121 pro
738 1035 840 1102 amico
860 1056 955 1118 saepe
974 1034 1099 1116 capien-

52 1139 76 1183 ιο
89 1124 150 1189 dus
174 1127 233 1207 est,
255 1147 321 1190 non
344 1129 473 1190 tantum
496 1126 593 1208 valet,
615 1126 652 1188 ut
673 1125 771 1188 tollat
790 1145 806 1187 e
826 1123 894 1188 vita
913 1121 1098 1203 amicitiam,

88 1234 157 1277 non
179 1213 253 1296 plus
277 1235 374 1297 quam
397 1217 434 1278 ut
457 1213 608 1295 virtutes,
632 1212 795 1295 quianon
817 1211 925 1275 nullas
949 1230 1041 1275 curas
1066 1213 1099 1273 et

89 1300 258 1365 molestias
283 1301 446 1385 adferunt,
469 1300 686 1383 repudientur.

158 1386 240 1454 (lum
268 1393 376 1454 autem
404 1389 576 1454 contrahat
605 1387 795 1472 amicitiam,
826 1393 863 1453 ut
895 1409 993 1473 supra
1024 1387 1098 1470 dixi,
1111 1384 1149 1448 14

89 1477 120 1541 si
143 1499 208 1561 qua
231 1477 425 1562 significatio
445 1477 576 1543 virtutis
596 1478 729 1559 eluceat,
753 1476 794 1540 ad
813 1498 911 1559 quam
929 1497 963 1540 se
982 1475 1097 1539 similis

53 1565 218 1630 canimus
243 1565 383 1649 adplicet
411 1568 443 1630 ct
471 1565 640 1649 adiungat,
668 1564 701 1627 id
728 1586 801 1628 cum
828 1562 979 1648 contigit,
1008 1585 1099 1627 amor

89 1653 256 1719 exoriatur
274 1674 404 1717 neccsse
422 1655 481 1717 est.
518 1651 601 1727 Quid
620 1652 706 1716 enim
723 1655 793 1716 tam
813 1652 987 1716 absurdum
1002 1673 1099 1734 quam
1118 1664 1151 1714 49

89 1739 247 1806 delectari
270 1740 382 1805 multis
405 1740 556 1804 inanimis
580 1740 688 1823 rebus,
711 1743 748 1804 ut
770 1740 902 1824 honore,
925 1743 962 1804 ut
985 1740 1100 1826 gloria,

88 1832 127 1893 ut
157 1828 315 1910 aedificic,
348 1833 383 1892 ut
415 1829 535 1893 vestitu
564 1830 717 1912 cultuque
745 1829 902 1912 corporis,
935 1828 1100 1893 animante

89 1918 213 1982 virtute
236 1916 397 2001 praedito,
420 1939 457 1982 eo
482 1917 538 2000 qui
560 1917 612 1981 vel
636 1938 745 1983 amare
768 1917 833 1999 vel,
856 1919 893 1981 ut
915 1917 963 1980 ita
986 1915 1100 2000 dicam,

53 2019 77 2062 ω
91 2004 259 2069 redamare
282 2005 400 2089 possit,
428 2027 495 2070 non
518 2005 691 2069 admodum
714 2005 889 2069 delectari?
934 2003 1026 2067 Nihil
1050 2007 1101 2069 est

91 2092 179 2158 enim
202 2093 460 2157 remuneratione
487 2093 739 2175 benivolentiae,
768 2090 851 2155 nihil
879 2091 1100 2155 vicissitudine

91 2180 273 2245 studiorum
288 2180 530 2263 officiorumque
544 2180 721 2244 iucundius.
753 2178 844 2263 Quid,
864 2179 891 2242 si
905 2179 987 2244 illud
1001 2180 1101 2245 etiarn
1119 2193 1152 2242 50

92 2267 253 2347 addimus,
277 2268 363 2352 quod
384 2272 471 2333 recte
495 2268 568 2332 addi
590 2271 713 2353 potest,
739 2268 822 2331 nihil
846 2269 928 2352 etse,
951 2269 1036 2351 quod
1060 2268 1101 2334 ad

92 2377 127 2421 se
150 2378 219 2420 rem
233 2356 344 2423 ullam
366 2359 435 2420 tam
459 2356 583 2421 alliciat
606 2360 638 2420 et
661 2357 808 2421 attrahat
834 2378 931 2439 quam
959 2357 1000 2421 ad
1023 2357 1100 2421 ami-

52 2457 78 2502 ὅ
91 2444 204 2510 citiam
228 2443 428 2508 similitudo?
452 2445 643 2510 concedetur
661 2444 807 2530 profecto
828 2467 939 2509 verum
962 2467 1040 2529 esse,
1063 2449 1101 2510 ut

90 2533 197 2598 bonos
225 2532 303 2597 boni
330 2532 470 2618 diligant
493 2533 736 2617 adsciscantque
760 2533 822 2596 sibi
846 2533 939 2616 quasi
968 2534 1101 2618 propin-

92 2621 219 2705 quitate
242 2620 430 2685 coniunctos
454 2625 551 2703 atque
574 2625 700 2685 natura.
745 2620 838 2684 Nihil
865 2624 915 2685 est
938 2623 1024 2686 enim
1047 2644 1101 2706 ap-

90 2707 257 2795 petentius
271 2708 427 2772 similium
441 2710 491 2773 sui
504 2730 563 2773 nec
576 2709 725 2793 rapacius
741 2731 837 2792 quam
847 2713 973 2774 natura.
996 2708 1101 2784 Quam

92 2798 135 2862 ob
163 2817 232 2861 rem
259 2797 321 2861 hoo
349 2796 491 2882 quidem,
517 2796 621 2862 Fanni
644 2801 676 2861 et
700 2794 867 2881 Scaevola,
894 2801 1034 2880 constet,
1064 2801 1101 2862 ut

52 2900 78 2945 a
91 2884 218 2970 opinor,
235 2884 329 2950 bonis
348 2885 433 2949 inter
452 2886 553 2949 bonos
573 2885 666 2968 quasi
683 2886 897 2950 necessariam
916 2886 1101 2951 benivolen-

91 2973 184 3056 tiam,
208 2973 262 3056 qui
286 2976 336 3038 est
355 2973 516 3037 amicitiae
534 2973 608 3038 fons
627 2995 647 3038 a
664 2979 782 3038 natura
800 2974 1006 3039 constitutus.
1039 2971 1101 3038 Sed

92 3061 206 3127 eadem
229 3061 358 3126 bonitas
382 3062 481 3125 etiam
505 3061 545 3125 ad
568 3061 808 3126 multitudinem
831 3062 981 3147 pertinet.
1025 3061 1102 3127 Non

92 3149 179 3215 enim
194 3152 244 3213 est
255 3149 432 3214 inhumana
445 3150 549 3214 virtus
562 3171 665 3232 neque
679 3149 820 3214 inmunis
834 3172 937 3233 neque
952 3150 1101 3234 superba,

92 3255 175 3324 qnae
194 3237 294 3302 etiam
311 3238 450 3322 populos
468 3237 635 3302 universos
654 3238 739 3302 tueri
757 3238 866 3322 cisque
883 3241 1015 3322 optume
1029 3260 1101 3303 con·

52 3341 78 3383 ⁸³
91 3327 199 3392 sulerc
223 3327 341 3408 soleat,
364 3326 449 3409 quod
466 3348 532 3390 non
554 3325 675 3391 faceret
696 3325 853 3410 profecto,
876 3327 904 3390 si
927 3327 1101 3391 ecaritate

90 3413 185 3500 vulgi
208 3414 406 3479 abhorreret.
443 3414 552 3499 Atque
576 3414 674 3478 etiam
697 3414 778 3477 mihi
797 3415 925 3498 quidem
944 3415 1100 3499 videntur,
1119 3430 1152 3481 51

90 3502 148 3588 qui
171 3502 352 3567 utilitatum
376 3524 473 3567 causa
491 3503 618 3588 fingunt
637 3503 805 3586 amicitias,
830 3504 1100 3568 amabilissimum

888 3605 940 3658 12*
