2430 3990
376 180 452 238 GAP.
472 188 576 238 20-22
614 188 629 247 5
649 188 761 239 'lt-80.
1002 186 1065 250 159
1125 203 1137 219 ⁰

61 345 244 410 animorum
272 343 490 426 disseruisset,
521 343 549 408 is
578 344 633 428 qui
661 347 746 408 esset
769 343 913 409 omnium
943 346 1066 430 sapien·

10 493 14 532 ι
60 432 208 497 tissimus
233 432 362 497 oraculo
381 430 546 516 Apollinis
565 431 733 496 iudicatus.
767 430 851 507 Quid
870 434 996 497 multa?
1020 434 1073 512 sic

10 581 17 593 ‚
60 519 208 605 persuasi
230 519 325 603 mihi,
349 519 395 583 sic
418 519 536 602 sentis,
559 541 631 584 cum
654 524 748 584 tanta
771 520 919 585 celeritas
945 521 1065 587 animo·

10 615 21 690 ᾗ
60 630 134 673 rum
157 607 214 691 sit,
244 610 337 672 tanta
364 607 520 671 memoria
542 608 792 691 praeteritorum
819 607 1065 691 futurorumque

10 671 47 797 ἑὸ
61 695 241 781 prudentia,
264 698 316 760 tot
335 698 430 778 artes,
453 698 564 759 tantae
588 694 750 778 scientiae,
773 699 824 760 tot
841 696 982 780 inventa,
1000 718 1067 761 non

10 828 29 885 t
61 805 157 867 posse
181 804 252 847 eam
274 785 434 865 naturam,
458 803 609 866 quaeres
628 804 683 847 eas
702 783 875 867 contineat,
894 805 964 848 esse
982 806 1067 849 mor-

61 872 171 954 talem,
194 892 329 953 eumque
352 891 479 954 semper
497 869 641 955 agitetur
659 870 784 934 animus
799 893 858 935 nec
871 871 1066 956 principium

61 956 169 1023 motus
192 958 321 1043 habeat,
345 957 421 1041 quia
444 978 478 1022 se
500 958 570 1042 ipse
594 961 732 1041 moveat,
754 980 794 1023 ne
816 959 913 1023 finem
937 960 1066 1043 quidem

61 1046 249 1111 habiturum
272 1066 342 1111 esse
365 1049 487 1128 motus,
511 1045 587 1129 quia
608 1066 785 1130 numquam
809 1067 843 1110 se
863 1046 933 1130 ipse
957 1047 1001 1110 sit
1018 1069 1066 1111 re-

10 1110 47 1238 ἓν
62 1134 211 1217 licturus,
239 1137 285 1212 et,
314 1154 386 1198 eum
415 1133 552 1217 simplex
580 1133 679 1198 animi
707 1137 793 1197 esset
818 1136 936 1198 natura
962 1155 1065 1216 neque

10 1280 37 1326 m
61 1222 197 1286 haberet
225 1220 260 1285 in
287 1241 322 1285 se
350 1220 521 1304 quicquam
548 1221 726 1285 admixtum
754 1221 864 1305 dispar
891 1221 941 1285 sui
969 1225 1066 1305 atque

10 1372 37 1414 w
62 1308 232 1392 dissimile,
259 1329 325 1374 non
347 1329 443 1393 posse
466 1329 539 1373 eum
562 1308 674 1393 dividi3
698 1309 783 1392 quod
806 1310 833 1372 si
856 1330 922 1373 non
944 1313 1065 1393 posset,

10 1459 37 1501 ,0
60 1419 126 1463 non
145 1418 240 1481 posse
258 1395 404 1480 interire3
422 1417 604 1481 magnoque
624 1418 693 1461 esse
708 1400 899 1481 argumento
918 1397 1065 1462 homines

10 1495 20 1521 ²
61 1484 143 1551 scire
166 1485 320 1569 pleraque
343 1487 432 1568 ante,
462 1505 560 1567 quarn
581 1484 652 1548 nati
675 1484 754 1566 sint,
778 1485 947 1568 quodiam
965 1485 1066 1569 pueri,

61 1594 135 1638 cum
152 1576 238 1636 artes
257 1571 404 1636 difficiles
424 1571 558 1655 discant,
580 1571 628 1638 ita
647 1572 793 1636 celeriter
811 1592 862 1636 res
885 1572 1066 1637 innumera

10 1723 38 1763 u
60 1661 144 1726 biles
168 1659 339 1744 arripiant,
366 1662 403 1723 ut
433 1681 487 1724 eas
509 1681 575 1723 non
597 1662 668 1723 tum
690 1659 832 1744 primum
855 1660 998 1745 accipere
1022 1660 1067 1725 vi-

36 1774 37 1779 *
60 1749 207 1829 deantur,
231 1746 286 1810 sed
300 1747 462 1811 reminisci
476 1750 510 1810 et
528 1747 698 1812 reeordari.
725 1746 814 1812 Haec
826 1747 975 1813 Platonis
989 1746 1065 1812 fere.

10 1809 39 1938 z}
58 1835 159 1920 Apud
180 1834 430 1935 Xenophontem
453 1838 561 1899 autem
581 1835 722 1901 moriens
742 1833 845 1918 Cyrus
864 1837 969 1901 maior
986 1815 1118 1942 haec2729

10 1985 20 2024 ι
58 1923 153 1988 dicit:
185 1921 335 1987 ‘Nolrte
359 1921 566 2006 arbitrari,
593 1944 612 1987 ο
636 1922 730 1987 mihi
757 1923 952 1987 carissimi
973 1923 1066 2007 filii,

10 1983 131 2112 1sslme,
154 2032 235 2075 cum
259 2031 278 2074 a
300 2009 411 2074 vobis
435 2009 665 2094 discessero,
687 2031 875 2093 nusquam
899 2014 964 2074 aut
981 2011 1066 2074 nul-

10 2141 33 2199 t,
56 2099 139 2164 lum
162 2096 255 2162 fore.
288 2095 365 2161 Nee
388 2096 502 2179 enim,
525 2097 609 2160 dum
633 2118 734 2160 eram
753 2097 966 2181 vobiscum,
985 2097 1066 2161 ani·

10 2247 31 2287 ὃ,
55 2207 160 2252 mum
192 2206 312 2248 meum
348 2182 560 2267 videbatis,
597 2184 662 2248 sed
694 2205 777 2248 eum
810 2205 894 2249 esse
926 2185 965 2248 in
995 2184 1066 2248 hoc

10 2312 29 2375 W·
56 2294 222 2357 corpore
245 2293 289 2336 ex
311 2270 360 2336 iis
378 2271 505 2355 rebus,
530 2293 622 2355 quas
641 2271 835 2356 gerebam,
858 2273 1066 2357 intellege·

12 2401 32 2461 ΙΨ
54 2360 175 2428 batis.
220 2358 390 2426 Eundem
413 2358 536 2445 igitur
563 2380 646 2424 esse
676 2358 880 2443 creditote,
910 2359 1064 2424 etiamsi

10 2456 37 2549 ,l
55 2449 211 2516 nullum
233 2447 425 2511 videbitis.
473 2445 550 2513 Nec
572 2469 662 2513 vero
681 2447 877 2512 clarorum
895 2447 1063 2534 virorum
1084 2464 1118 2537 βο

10 2596 17 2636 Ι
55 2539 151 2623 post
182 2538 343 2600 mortem
378 2535 543 2600 honores
577 2537 861 2619 permanerent,
898 2534 934 2598 si>
965 2535 1065 2599 nihil

10 2624 23 2724 ἑ
57 2646 191 2690 eorum
218 2623 392 2707 ipsorum
420 2622 538 2686 animi
565 2621 786 2706 efficerent,
819 2643 891 2704 quo
919 2622 1065 2687 diutius

10 2772 21 2795 ι
57 2710 285 2778 memoriam
308 2709 367 2773 sui
389 2713 621 2774 teneremus.
664 2708 760 2773 Mihi
783 2709 936 2793 quidem
963 2732 1067 2774 num-

10 2799 20 2900 'e
58 2820 174 2885 quarn
205 2797 430 2883 persuaderi
461 2798 592 2881 potuit
619 2797 778 2882 animos,
811 2797 895 2862 dum
922 2797 960 2860 in
987 2819 1067 2863 cor·

10 2893 36 2989 ,A
56 2885 222 2974 poribus
246 2889 378 2950 essent
396 2885 644 2967 mortalibus,
669 2884 812 2968 vivere,
840 2906 922 2950 curn
941 2907 1066 2950 exces-

10 3036 18 3077 u
57 2975 208 3042 sissent
240 2994 283 3037 ex
314 2973 382 3057 eis,
419 2973 551 3056 emori,
581 2993 648 3036 nec
675 2993 765 3037 vero
792 2975 872 3036 tum
900 2973 1067 3036 animum

10 3123 18 3164 fl
58 3082 146 3128 esse
182 3059 446 3145 insipientem,
482 3082 563 3125 eum
600 3080 643 3123 ex
674 3059 879 3144 insipienti
908 3081 1067 3143 corpore

59 3148 269 3231 evasisset,
301 3148 366 3212 sed
392 3152 474 3212 euin
502 3146 603 3211 omni
630 3145 865 3211 admixtione
893 3148 1066 3232 corporis

10 3211 18 3322 l
59 3237 256 3303 liberatus
280 3256 401 3319 purus
425 3238 462 3300 et
484 3235 636 3318 integer
659 3255 741 3298 esse
760 3233 966 3318 coepisset,
989 3239 1068 3298 tum

10 3330 34 3412 {⁵
60 3345 147 3391 esse
171 3323 389 3408 sapientem.
422 3320 548 3406 Atque
571 3321 688 3387 etiam
710 3343 791 3386 eum
814 3321 980 3386 hominis
1003 3344 1069 3387 na-

10 3488 16 3497 ,
59 3418 150 3480 tura
175 3413 298 3476 morte
322 3409 567 3495 dissolvitur,
597 3413 810 3474 ceterarum
836 3431 962 3474 rerum
983 3432 1067 3493 per·

10 3561 18 3602 Β
61 3499 237 3586 spicuum
257 3501 317 3562 est
336 3519 407 3581 quo
423 3519 592 3582 quaeque
607 3497 792 3582 discedat3
810 3496 951 3561 abeunt
970 3497 1069 3561 enim

10 933 28 974 1

10 1016 33 1062 lli
