2430 3990
446 173 523 229 cnr.
543 179 567 242 1,
585 178 610 228 1.
635 178 651 238 e
671 178 747 231 1-e.
1033 172 1096 236 133

92 334 246 399 admirari
264 333 427 399 videmini.
459 332 581 408 Quibus
600 333 686 397 enim
704 331 787 396 nihil
806 335 855 396 est
873 333 907 396 in
925 332 1005 417 ipsis
1024 333 1096 417 opis

92 423 134 487 ad
156 423 238 486 bene
260 422 418 505 beateque
444 421 630 504 vivendum,
662 420 708 484 eis
736 418 841 484 omnis
869 424 958 484 aetas
987 421 1096 505 gravis

92 513 156 592 111,
180 510 234 592 qni
259 512 367 573 autem
391 508 500 573 omnia
523 509 609 573 bona
631 529 651 572 1
673 529 708 572 11
730 507 794 592 ipsi
813 510 938 591 petunt,
956 507 996 571 iis
1014 508 1096 571 nihil

93 597 215 661 malum
238 599 348 681 potest
370 596 481 680 videri,
505 595 590 680 quod
611 598 747 660 naturae
768 595 943 660 necessitas
963 594 1096 660 adferat.

65 683 164 759 ⁵Quo
187 684 221 748 in
244 704 361 769 genere
384 683 491 748 estin
513 683 626 767 primis
649 685 815 765 senectus3
847 703 945 766 quam
972 686 1009 746 ut
1033 682 1097 747 adi·

94 772 261 855 piscantur
298 792 409 836 omnes
448 774 575 856 optant,
617 770 750 835 eandem
787 773 939 835 accusant
975 770 1097 853 adepti3

94 862 188 923 tanta
224 862 275 924 est
311 858 470 924 stultitiae
507 858 724 923 inconstantia
760 861 857 942 atque
891 856 1097 942 perversitas.

95 946 258 1030 Obrepsre
283 945 374 1010 aiunt
398 968 468 1011 eam
493 946 598 1030 citius,
617 967 713 1029 quam
731 948 910 1030 putassent.
952 944 1098 1009 Primum

96 1034 168 1117 quis
192 1033 300 1118 coligit
322 1055 377 1098 eos
399 1033 519 1098 falsum
541 1033 680 1118 putare?
717 1033 772 1116 qui
799 1033 884 1097 enim
907 1032 1098 1098 1111111111-

50 1139 80 1178 11
96 1120 268 1186 lesoentiae
283 1125 430 1188 senectus
440 1143 537 1205 quem
551 1121 710 1205 pueritiae
720 1119 938 1185 adnleseentia
948 1121 1098 1205 obrepit?

95 1208 219 1273 Deinde
243 1208 298 1292 qui
320 1208 426 1272 minus
451 1208 560 1294 gravis
584 1213 669 1273 esset
691 1208 732 1272 iis
760 1211 921 1292 senectus,
948 1207 977 1272 si
1000 1208 1099 1273 octin-

96 1296 311 1382 gentesimum
344 1317 463 1361 annum
496 1299 629 1382 agerent
664 1318 760 1380 qnam
793 1295 1098 1382 sioetogesimum‘l

95 1383 274 1468 praeterita
299 1384 383 1448 enim
408 1387 497 1449 aetas
526 1383 673 1468 quamvis
697 1384 796 1469 longa
823 1405 895 1450 eum
914 1383 1100 1467 effluxisset,

95 1472 186 1536 nulla
200 1471 380 1536 consolatio
399 1472 597 1556 permulcere
615 1475 726 1556 posset
744 1472 880 1536 stultam
893 1475 1098 1537 senectutem.

53 1571 82 1614 ¹⁶
97 1558 253 1634 Quocirca
276 1559 304 1622 si
327 1559 520 1644 sapientiam
547 1581 652 1624 meam
681 1559 835 1624 admirari
861 1559 974 1624 soletis
1004 1557 1134 1642 (quaes

96 1646 222 1712 utinam
250 1646 348 1732 digna
371 1651 457 1712 esset
479 1647 629 1732 opinione
651 1651 761 1712 vestra
782 1650 960 1730 nostroque
983 1667 1099 1733 cogno-

96 1734 182 1798 mine
188 1730 220 1820 1),
234 1734 268 1798 in
281 1734 343 1800 hoc
362 1755 471 1800 sumus
485 1734 656 1819 sapientes,
668 1735 754 1818 quod
767 1738 918 1800 naturam
932 1738 1100 1819 optumam

97 1821 210 1886 ducem
227 1826 396 1906 tamquam
414 1822 508 1887 deum
527 1822 691 1907 sequimur
710 1823 801 1906 eique
815 1844 979 1907 peremus3
1003 1844 1100 1907 aqua

96 1930 162 1973 non
183 1909 251 1973 veri
275 1909 381 1974 simile
404 1913 466 1993 est,
499 1931 571 1975 anm
598 1913 722 1975 1111111
745 1913 854 1993 partes
879 1910 995 1974 aetatis
1019 1910 1100 1974 bene

55 2009 83 2049 ²0
98 1995 271 2080 discriptae
295 1997 375 2080 sint,
403 2001 581 2063 extremum
609 2000 716 2062 actum
744 2001 912 2079 tamquam
935 1997 976 2061 ab
1004 1998 1101 2060 inerti

96 2087 194 2168 po’e'ta
217 2104 287 2148 esse
313 2084 506 2168 neglectum.
551 2081 613 2147 Sed
644 2089 754 2147 tamen
785 2104 914 2147 necesse
941 2083 1004 2147 fuit
1031 2105 1101 2148 esse

97 2169 221 2254 aliquid
244 2173 423 2235 extremum
446 2175 479 2234 et
501 2173 668 2254 tamquam
690 2171 725 2234 in
748 2171 901 2236 arborum
924 2171 1013 2235 bacis
1039 2175 1101 2236 ter-

97 2280 216 2342 raeque
238 2257 398 2324 fructibus
421 2258 610 2323 maturitate
637 2258 833 2342 tempestiva
860 2259 953 2343 quasi
979 2258 1101 2324 vietum

98 2351 131 2410 et
149 2345 313 2429 caducum,
331 2345 416 2430 quod
429 2345 598 2410 ferundum
614 2350 663 2411 est
677 2347 821 2412 molliter
840 2347 988 2432 sapienti.
1018 2346 1101 2423 Quid

58 2437 149 2497 11111
172 2433 258 2497 enim
281 2433 369 2498 aliud
392 2432 570 2520 Gigantum
593 2434 689 2500 modo
712 2435 834 2500 bellare
862 2457 934 2501 eum
963 2435 1012 2499 dis
1038 2435 1101 2499 nisi

98 2523 233 2585 naturae
255 2523 462 2607 repugnare?

163 2608 307 2675 Lrnrros.
343 2607 454 2694 Atqui,
473 2608 563 2694 Cato,
582 2609 803 2694 gratissimum
823 2610 927 2693 nobis,
947 2613 985 2675 ut
1003 2611 1135 2678 etiams

98 2716 158 2780 pro
181 2693 330 2780 Scipione
352 2696 516 2781 pollicear,
538 2696 661 2782 feceris,
684 2697 727 2780 si,
750 2697 902 2781 quoniam
925 2718 1101 2781 speramns,

98 2783 247 2847 volumus
275 2783 403 2866 quidem
432 2788 518 2850 certe
545 2806 637 2849 senes
664 2785 748 2868 fieri,
779 2785 883 2850 mnlto
916 2788 990 2848 ante
1023 2806 1042 2849 1
1068 2789 1102 2848 11

58 2889 85 2930 co
99 2870 312 2955 didicerimus,
327 2872 443 2955 quibus
457 2872 611 2937 facillime
625 2872 806 2937 rationibus
824 2873 1102 2957 ingravescentem

99 2962 240 3022 aetatem
262 2957 346 3022 ferre
369 2960 539 3043 possimus.

164 3045 251 3111 Orno.
292 3044 423 3111 Faciam
454 3067 544 3129 vero,
576 3046 680 3129 Laeli,
702 3046 894 3129 praesertim
918 3046 946 3110 si
973 3046 1101 3130 utrique

90 3135 251 3215 ¹vestrum,
274 3135 311 3196 nt
334 3133 423 3216 dicis,
446 3137 576 3218 gratum
597 3132 742 3196 futurum
766 3138 824 3197 est.

164 3219 308 3287 Laruas.
345 3219 504 3284 Volumus
528 3241 618 3302 sane,
644 3219 708 3283 nisi
730 3221 903 3285 molestum
925 3223 987 3302 est,
1011 3218 1102 3304 Cato,

58 3323 85 3363 11
98 3309 267 3390 tamqnam
280 3309 412 3392 longam
428 3308 570 3390 aliquam
584 3307 671 3372 viam
685 3307 868 3392 confeceris,
892 3330 989 3391 quarn
1006 3308 1101 3373 nobis
1201 3383 1203 3388 s

98 3415 225 3478 quoque
247 3395 496 3482 ingrediundum
515 3396 567 3479 111,
589 3395 682 3480 istuc,
705 3417 769 3480 quo
788 3395 973 3482 pervenisti,
993 3395 1118 3472 videre

97 3484 193 3566 quale
217 3482 268 3548 sit.
1111 3488 1119 3495 “
1149 3494 1154 3500 ’
1187 3503 1206 3509 ··
