2430 3990
315 461 362 534 M.
393 461 534 532 TULLI
567 459 814 534 CICERONIS

204 581 434 689 Plu
498 605 532 689 n
595 607 631 690 n
694 607 727 691 o
791 603 928 690 rs

397 753 740 821 ADM.BRUTUM.

404 955 630 1015 ARGUMEN
636 954 736 1014 TUM.

138 1069 199 1125 Hoc
217 1068 315 1124 libello
336 1068 432 1126 cicero
452 1069 565 1124 Catonis
584 1069 733 1139 Uticensis,
752 1067 871 1139 perfecti
884 1068 961 1124 illius
975 1068 1073 1138 Stoici,

64 1140 252 1196 admiratione
271 1140 409 1194 adductus
425 1139 593 1221 disciplinae
608 1139 719 1194 Stoicae
742 1141 906 1210 praecepta,
930 1156 1000 1208 quae
1024 1141 1073 1195 ho·

65 1212 157 1266 mines
176 1211 212 1265 ob
232 1211 412 1265 severitatem
430 1211 639 1264 admirabantur
656 1209 747 1279 magis
773 1226 856 1278 quam
879 1210 1073 1279 sequebantur,

65 1279 224 1349 παράδοξα,
243 1297 314 1350 quae
333 1280 428 1335 Latini
446 1283 549 1335 vocant
567 1280 753 1348 admirabilia,
772 1280 906 1335 orationis
925 1297 992 1334 suae
1013 1297 1073 1335 sua·

29 1386 33 1392 -
66 1353 157 1406 vitate
175 1351 287 1406 mollita
304 1351 421 1420 probare
440 1351 545 1421 populo
560 1353 589 1405 et
603 1350 794 1406 commendare
809 1351 907 1405 voluit.
934 1353 1006 1405 Nam
1020 1352 1074 1406 etsi

66 1421 98 1475 in
116 1421 242 1477 oratione
260 1438 311 1491 pro
331 1421 361 1475 L.
380 1421 495 1475 Murena
513 1421 618 1476 Catone
642 1423 790 1475 accusante
810 1421 966 1476 Stoicorum
984 1420 1073 1491 παρά-

67 1494 138 1557 δοξα
156 1492 321 1562 perstringit
340 1494 370 1546 et
389 1492 419 1544 in
438 1491 571 1546 librorum
590 1492 624 1545 de
639 1492 739 1546 linibus
757 1491 796 1545 ΙΙΙ
815 1494 844 1546 et
862 1491 899 1544 lV
924 1492 1074 1545 eorundem

67 1562 228 1616 austeritati
246 1563 446 1617 moderandum
465 1578 525 1616 esse
545 1564 652 1629 censet,
671 1565 766 1616 tamen
782 1577 839 1615 non
857 1563 915 1615 tam
930 1561 1074 1616 doctrinae

66 1631 207 1712 rationem
220 1632 347 1712 'illorum
372 1632 513 1701 improbat
535 1649 619 1700 quarn
647 1631 782 1686 sermonis
810 1631 996 1713 insolentiam.
1011 1702 1016 1714 Ι
1033 1633 1074 1686 Ac

67 1702 1074 1853 ddlcdldddutldlrdlduddrcocodgddlgridoddtedldlltelrtdrddstidsdrtrrndredlqutdredlclqdd

68 1844 99 1896 in
118 1859 146 1896 se
166 1859 220 1897 uno
239 1843 341 1897 habere
360 1843 454 1897 omnia
471 1843 543 1898 bene
561 1844 698 1911 beateque
716 1843 830 1897 vivendi
850 1843 999 1912 praes1d1a.
1033 1845 1075 1897 Ex

67 1912 113 1967 his
132 1916 227 1967 autem
244 1913 314 1967 loeis
333 1915 434 1978 cetera,
458 1929 528 1981 quae
552 1913 684 1983 deinceps
707 1912 895 1983 persequitur,
921 1915 988 1981 apta
1011 1915 1075 1966 sunt

69 1985 100 2038 et
117 1999 260 2053 suspensa.
287 1984 385 2050 ltaque
404 1983 504 2037 tertius
522 1982 600 2036 locus
615 1984 658 2036 est
667 1983 701 2036 de
712 1985 890 2052 peccatorum
904 1982 1075 2049 aequalitate

69 2053 199 2109 omnium.
225 2052 321 2117 Quarti
332 2052 366 2107 de
377 2054 524 2107 stultorum
535 2051 644 2106 insania
653 2052 708 2107 loci
717 2067 808 2122 pausa
817 2051 902 2107 verba
912 2055 1073 2121 supersunt;

69 2123 196 2192 sequitur
209 2122 299 2190 aliud,
315 2138 369 2191 quo
387 2123 488 2192 probat
502 2123 591 2176 solum
606 2122 760 2192 sapientem
776 2137 836 2176 esse
851 2122 952 2187 civem,
973 2123 1075 2176 stultos

70 2210 166 2250 ornnes
182 2193 275 2248 exules
290 2194 417 2263 exemplo
433 2210 499 2247 usus
518 2192 648 2258 alicuius,
673 2210 754 2262 quern
775 2191 855 2248 Clodi
874 2192 995 2246 similem
1014 2209 1074 2247 esse

69 2264 164 2334 lingit,
188 2264 361 2318 adversarii·
386 2264 487 2328 Quinto
502 2265 578 2332 loco,
598 2280 652 2332 quo
671 2263 700 2320 L.
721 2263 867 2317 Lucullum
886 2265 970 2331 atque
989 2263 1075 2318 etiam

69 2334 250 2389 Hortensium
264 2333 375 2388 videtur
390 2350 510 2404 carpere,
528 2335 583 2388 nisi
603 2334 758 2405 sapientem
776 2334 907 2389 libertate
921 2333 974 2388 frui
988 2335 1076 2389 nemi·

69 2421 134 2460 nem
149 2405 240 2470 docet,
253 2420 336 2475 posse
350 2406 443 2459 autem
457 2422 542 2458 unum
553 2421 688 2475 quemque
703 2404 745 2458 ita
759 2403 862 2470 vivere,
876 2406 909 2458 ut
922 2405 999 2470 velit,
1019 2404 1036 2459 i.
1050 2422 1074 2461 e.

69 2475 190 2537 liberum
206 2491 274 2540 esse,
290 2475 313 2528 si
327 2475 411 2528 modo
425 2475 600 2530 honestatem
614 2476 753 2543 sequatur.
773 2475 899 2543 Denique
915 2476 1075 2543 sextoloco,

70 2562 126 2614 quo
145 2544 182 2600 M.
203 2544 331 2599 Crassum
350 2545 466 2598 divitem
485 2545 678 2614 reprehendit,
703 2544 802 2599 aerarii
821 2545 850 2599 in
869 2546 1015 2599 consulatu
1035 2562 1076 2599 se-

70 2616 163 2670 cundo
177 2617 212 2683 (a.
227 2633 252 2671 u.
265 2632 286 2668 c.
303 2619 365 2681 699)
380 2615 495 2684 expilati
509 2614 625 2669 infamia
638 2615 800 2682 notabilem,
816 2615 906 2670 solum
920 2615 1076 2685 sapientem

70 2685 113 2740 ait
136 2685 257 2753 gaudere
276 2685 397 2753 divitiis,
423 2687 455 2738 ut
477 2701 548 2753 quae
572 2702 634 2738 cum
652 2685 681 2738 in
705 2685 804 2740 ceteris
827 2685 991 2755 virtutibus,
1016 2689 1076 2739 turn

69 2755 190 2810 maxime
208 2755 238 2809 in
257 2755 430 2810 continentia
448 2754 505 2809 sint
522 2756 640 2825 positae.
670 2755 730 2809 Hoc
744 2757 837 2810 autem
851 2755 978 2810 brevium
995 2772 1077 2824 qnae·

70 2825 206 2893 stionum,
231 2827 305 2895 quod
324 2826 360 2878 ad
384 2825 420 2880 Μ.
439 2824 555 2878 Brutum
573 2824 675 2891 mittit,
698 2826 892 2879 munusculum
910 2826 992 2880 unius
1010 2825 1077 2879 anni

70 2898 211 2965 tempore,
232 2898 264 2949 nt
282 2895 406 2962 videtur,
424 2895 540 2949 hiberno
561 2895 744 2965 compositum
764 2910 824 2949 esse
844 2911 859 2948 a
881 2895 1016 2964 prooemii
1031 2902 1077 2961 §d

58 2968 196 3036 apparet.
225 2965 265 3020 Ac
283 2971 450 3035 quamquam
466 2965 561 3020 Cicero
577 2965 706 3019 Crassum
724 2983 747 3021 a.
764 2983 789 3021 u.
805 2981 828 3019 o.
845 2964 1077 3020 ‘101etclodium

71 3044 123 3093 ‘102
143 3036 304 3091 interfectos
324 3036 433 3106 dialogi
451 3035 566 3089 licentia
584 3035 639 3089 sibi
657 3035 753 3090 adesse
772 3035 867 3105 potuit
886 3035 1004 3104 lingere,
1022 3052 1078 3090 non

69 3111 166 3163 tamen
184 3109 250 3178 post
267 3123 391 3161 mensem
411 3105 477 3161 anni
502 3111 552 3161 708
572 3105 693 3173 Iunium,
717 3123 771 3174 quo
796 3105 863 3160 Cato
883 3108 1001 3160 mortem
1024 3105 1078 3161 sibi

70 3177 172 3232 Uticae
192 3177 335 3244 conscivit,
355 3177 498 3232 conditum
516 3176 570 3229 hoc
589 3177 753 3245 opuseulum
772 3192 832 3232 esse
851 3176 970 3232 videtur.

470 3286 679 3294 —-----.-

138 3355 377 3440 Animadverti,
408 3355 527 3439 Brute,·
555 3378 651 3441 saepe
678 3354 849 3440 Catonem,
885 3355 1111 3420 avunculuml

69 3449 173 3529 tuum,
196 3466 268 3509 cum
292 3445 327 3507 in
350 3448 464 3533 senatu
488 3444 682 3509 sententiam
707 3443 834 3529 diceret,
858 3443 946 3509 locos
962 3462 1078 3529 graves
