2422 4004
124 175 187 239 146
363 170 456 226 CATO
475 169 591 225 MAIOR
609 168 659 222 Du
678 167 889 224 sannorum

82 384 85 391 .
123 333 176 419 Sp.
208 332 407 416 Postumius,
439 331 474 396 Τ.
501 329 656 396 Veturius
688 331 835 395 consules
869 332 1013 415 superati
1045 336 1129 416 sunt,

123 424 266 487 locutum
282 420 460 503 Archytam
474 418 641 484 Nearchus
656 417 859 502 Tarentinus,
874 418 994 505 hospes
1007 423 1129 502 noster,

124 510 226 594 quiin
245 508 388 573 amicitia
404 506 518 593 populi
531 505 671 571 Romani
688 510 921 592 permanserat,
940 528 973 571 se
993 530 1012 572 a
1031 509 1129 571 maio-

123 598 212 662 ribus
235 599 315 660 natu
338 595 499 679 accepisse
522 594 663 678 dicebat,
687 616 759 660 cum
783 594 911 678 quidem
935 595 965 658 ei
988 595 1129 661 sermoni

123 684 324 748 interfuisset
340 682 436 746 Plato
453 680 670 766 Atheniensis,
694 704 790 765 quem
809 682 985 747 Tarentum
1003 683 1129 747 venisse
1157 700 1169 740 ⁵

68 771 158 836 4211.
180 770 328 854 Camillo,
351 768 413 854 Ap.
437 768 572 834 Claudio
596 771 782 835 consulibus
805 770 940 854 reperio.
986 768 1130 845 Quorsus

124 859 206 924 hoc?
238 857 285 923 Ut
302 857 546 942 intellegeretis,
564 857 593 922 si
607 858 808 943 voluptatem
824 858 989 942 aspernari
1003 859 1130 923 ratione

124 950 158 1012 et
185 946 345 1030 sapientia
370 966 436 1010 non
461 966 643 1030 possemus,
670 966 823 1030 magnam
849 945 1032 1010 habendam
1060 968 1130 1010 esse

125 1035 282 1101 senectuti
309 1033 463 1119 gratiam,
496 1054 577 1117 quae
605 1032 758 1116 efficeret,
789 1035 827 1097 ut
853 1032 887 1096 id
912 1055 978 1098 non
1004 1033 1130 1117 liberet,

125 1122 211 1206 quod
225 1144 292 1188 non
310 1124 483 1206 oporteret.
517 1120 659 1205 Impedit
677 1120 762 1184 enim
781 1121 949 1185 consilium
968 1122 1129 1205 voluptas,
1146 1138 1169 1178 ιε

124 1210 244 1274 rationi
266 1209 397 1273 inimica
419 1212 478 1292 est,
500 1207 628 1291 mentis,
650 1211 687 1273 ut
708 1209 756 1272 ita
779 1208 891 1293 dicam,
916 1210 1130 1294 praestringit

125 1299 235 1363 oculos
258 1296 434 1361 nechabet
452 1296 556 1360 ullum
575 1317 647 1360 cum
666 1296 787 1360 virtute
807 1297 1041 1361 commercium.
1079 1297 1130 1360 In-

124 1384 211 1450 vitus
243 1383 318 1467 feci,
348 1386 386 1448 ut
416 1382 588 1448 fortissimi
619 1382 681 1448 viri
713 1383 748 1447 Τ.
780 1382 955 1450 Flaminini
985 1384 1130 1467 fratrem,

124 1472 160 1536 L.
182 1471 413 1554 Flamininum,
440 1492 457 1535 e
486 1473 600 1534 senatu
623 1471 757 1535 eicerem
781 1474 906 1555 septem
930 1473 1022 1536 annis
1045 1477 1130 1557 post,
1168 1530 1169 1539 ,

126 1582 223 1644 quam
246 1560 358 1625 consul
380 1558 508 1642 fuisset,
536 1558 593 1622 sed
619 1558 796 1622 notandam
818 1559 931 1643 putavi
953 1560 1128 1624 libidinem.
1145 1575 1169 1616 rr

125 1647 186 1712 Ille
205 1647 299 1731 enim,
323 1669 394 1712 cum
414 1649 499 1710 esset
517 1646 629 1711 consul
646 1645 683 1709 in
701 1644 818 1728 Gallia,
836 1650 987 1712 exoratus
1005 1649 1040 1711 in
1058 1671 1130 1714 con·

125 1735 211 1800 rivio
235 1758 255 1799 a
282 1737 389 1799 scorto
418 1737 481 1816 cst,
507 1737 545 1798 ut
572 1733 675 1798 securi
701 1732 814 1799 feriret
841 1734 983 1818 aliquem
1010 1758 1130 1819 eorum,
1166 1789 1168 1794 Α

125 1823 180 1906 qui
202 1823 237 1885 in
259 1821 395 1887 vinculis
419 1824 528 1886 essent
551 1821 696 1885 damnati
713 1821 761 1886 rei
779 1822 938 1907 capitalis.
974 1822 1037 1888 ffio
1055 1823 1129 1887 Tito

124 1909 226 1974 fratre
259 1931 316 1974 suo
349 1930 493 1993 censore,
531 1909 586 1992 qui
618 1908 783 1994 proximus
816 1914 891 1974 ante
925 1911 1129 1994 metuerat,

125 1999 255 2081 elapsus
279 2000 341 2081 est3
367 1997 448 2060 mihi
474 2018 550 2062 vero
579 2001 612 2061 et
637 1995 753 2072 Flacco
781 1997 970 2081 neutiquam
997 2000 1130 2082 probari
1145 1997 1169 2055 20

125 2085 233 2169 potuit
255 2089 323 2151 tam
345 2085 510 2171 flagitiosa
533 2088 565 2149 et
587 2088 656 2149 tam
677 2075 803 2169 perdita
821 2085 933 2170 libido,
956 2109 1129 2170 quaecum

69 2142 116 2267 4133
126 2174 245 2258 probro
277 2173 406 2258 privato
439 2173 646 2258 coniungeret
677 2173 806 2257 imperii
835 2173 978 2239 dedecus.
1028 2172 1130 2259 Saepe

127 2261 235 2326 audivi
258 2282 296 2324 ex
318 2260 495 2325 maioribus
517 2264 606 2344 natu,
629 2261 684 2344 qui
707 2283 741 2325 se
759 2283 857 2345 porro
875 2284 992 2413 pueros
1012 2285 1032 2326 a
1049 2263 1130 2327 seni-

53 2374 58 2381 ·
125 2349 186 2412 bus
217 2347 344 2412 audisse
376 2347 537 2430 dicebant,
570 2347 681 2411 mirari
714 2348 847 2412 solitum
1053 2438 1059 2451 ·

126 2434 221 2519 quod,
239 2456 311 2499 cnm
330 2435 416 2518 apud
433 2455 543 2520 regem
556 2433 718 2518 Pyrrhum
732 2436 859 2586 legatus
874 2441 969 2520 esset,
987 2438 1130 2503 audisset
1145 2451 1169 2495 2⁵

903 2399 909 2413 .
936 2348 1130 2433 Fabricium,

126 2545 146 2588 a
168 2523 324 2587 Thessalo
349 2520 448 2586 Cinea
475 2542 544 2586 esse
572 2523 731 2606 quendam
787 2524 908 2608 thenis,
936 2525 992 2608 qui
1019 2547 1053 2590 se
1083 2549 1130 2591 sa·
1168 2564 1169 2568 =

125 2610 268 2695 pientem
290 2610 506 2694 profiteretur,
529 2631 665 2694 eumque
686 2611 789 2676 dicere
809 2612 925 2695 omnia,
950 2635 1030 2696 quae
1048 2613 1130 2679 face-

126 2720 247 2780 remus,
279 2697 320 2761 ad
351 2698 553 2781 voluptatem
586 2719 656 2763 esse
686 2699 861 2765 referenda.
907 2700 999 2777 Quod
1027 2724 1064 2766 ex
1093 2725 1129 2766 eo

127 2785 292 2850 audientes
315 2783 367 2849 M'.
386 2783 518 2849 Curium
542 2788 575 2849 et
593 2784 641 2849 Ti.
660 2783 896 2852 Coruncanium
920 2792 1032 2872 optare
1057 2791 1129 2854 soli-

126 2876 192 2955 tos,
221 2876 259 2936 ut
284 2871 318 2936 id
345 2869 545 2937 Samnitibus
572 2872 698 2957 ipsique
720 2872 845 2958 Pyrrho
872 2877 1129 2960 persuaderetur,
1145 2888 1169 2935 er

127 2982 189 3044 quo
212 2959 341 3025 facilius
364 2960 449 3025 vinei
471 2964 612 3044 possent,
636 2982 708 3026 cum
731 2983 766 3027 se
783 2963 1007 3047 voluptatibus
1027 2964 1130 3030 dedis-

127 3051 208 3113 sent.
257 3047 392 3113 Vixerat
418 3047 470 3112 M’.
498 3046 613 3114 Curius
641 3070 714 3114 eum
745 3048 780 3114 P.
808 3050 921 3133 Decio,
954 3051 1009 3134 qui
1041 3054 1130 3135 quin·

127 3135 265 3220 quennio
290 3139 364 3200 ante
388 3157 461 3200 eum
484 3137 649 3202 consulem
672 3158 706 3202 se
728 3158 787 3221 pro
810 3139 995 3222 republica
1014 3145 1129 3222 quarto
1167 3209 1169 3222 ,

127 3224 297 3290 consulatu
324 3223 511 3308 devoverat3
541 3227 637 3289 norat
665 3224 800 3290 eundem
827 3224 1008 3311 Fabricius,
1035 3233 1131 3293 norat

128 3309 360 3394 Coruncanius,
384 3311 439 3395 qui
462 3334 534 3377 cum
553 3334 591 3376 ex
609 3334 668 3377 sua
689 3312 766 3395 vita,
788 3316 859 3377 tum
878 3335 916 3378 ex
935 3314 1012 3398 eius,
1036 3338 1130 3399 quem
1146 3332 1169 3374 es

128 3399 212 3484 dico,
234 3398 328 3483 Deci,
350 3399 436 3464 facto
460 3399 645 3464 iudicabant
668 3421 738 3464 esse
761 3401 906 3486 profecto
931 3403 1055 3488 aliquid
1077 3426 1131 3468 na-

127 3491 202 3552 tura
232 3487 403 3572 pulchrum
434 3490 532 3571 atque
562 3488 779 3572 praeclarum,
812 3489 897 3573 quod
928 3512 987 3555 sua
1016 3496 1131 3576 sponte
