2430 3990
162 160 224 225 152
398 157 490 213 CATO
509 157 627 213 MAIOR
644 159 693 212 DE
712 158 922 213 SENEOTUTE

158 322 251 402 lacte,
275 339 378 403 caseo,
400 319 506 384 melle.
528 318 617 388 ‚Iam
640 319 772 384 hortum
794 320 859 405 ipsi
881 320 1042 405 agricolae
1066 318 1164 386 succi·

64 493 65 496 Ἴ
158 407 244 471 diam
268 406 405 471 alteram
428 408 604 492 appellant.
641 405 830 472 Oonditiora
850 407 929 472 facit
952 408 1031 474 haec
1054 428 1164 494 super·

102 512 138 561 ov
157 493 306 561 vacaneis
330 496 428 558 etiam
452 495 558 578 operis
582 495 753 578 aucupium
776 498 873 579 atque
896 496 1034 561 venatio,
1080 495 1165 569 Quid

159 583 197 649 de
228 586 397 667 pratorum
429 582 593 646 viriditate
625 586 683 647 aut
719 584 871 648 arborum
908 583 1074 648 ordinibus
1104 586 1163 647 aut

158 671 324 736 vinearum
356 669 589 735 olivetorumve
627 671 731 753 speeie
768 673 863 756 plura
900 671 1025 736 dicam?
1068 670 1195 734 brevit

156 756 352 843 praecidam:
375 755 466 842 Agro
489 758 571 821 bene
594 758 680 823 culto
698 758 781 823 nihil
799 764 909 845 potest
929 781 999 825 esse
1020 779 1078 824 nec
1100 779 1165 823 usu

157 845 287 910 uberius
299 866 358 910 nec
367 845 472 930 specie
482 845 642 930 ornatius3
656 845 697 910 ad
707 869 802 930 quem
811 848 982 912 fruendum
990 868 1054 912 non
1064 847 1164 911 modo

157 954 223 998 non
236 933 389 1017 retardat,
407 955 520 999 verum
536 933 635 998 etiam
648 933 768 1000 invitat
786 939 883 1018 atque
897 935 1037 1000 adlectat
1055 955 1165 1000 senec-

158 1025 221 1085 tus.
243 1019 310 1086 Ubi
324 1021 408 1086 enim
422 1024 532 1106 potest
544 1022 604 1086 illa
619 1026 708 1087 aetas
724 1026 780 1087 aut
793 1023 951 1087 calescere
969 1022 1020 1088 vel
1039 1021 1164 1105 aprica·

158 1109 247 1174 tione
278 1109 394 1174 melius
425 1110 477 1174 vel
509 1110 579 1195 igni
611 1115 668 1175 aut
699 1110 841 1175 vicissim
872 1110 995 1175 umbris
1028 1109 1164 1192 aquisve
1178 1127 1197 1167 u

106 1214 139 1263 os
159 1196 344 1283 refrigerari
367 1197 551 1262 salubrius?
593 1196 662 1263 Sibi
684 1199 826 1263 habeant
848 1199 949 1284 igitur
971 1219 1075 1281 mma,
1098 1198 1165 1262 sibi

158 1306 271 1437 tetre
287 1284 518 1454 tlthtltt
539 1285 1165 1438 tlttttttttltltltttt·

519 1423 527 1456 ²

159 1460 202 1523 tis
220 1459 306 1524 talos
325 1459 510 1542 relinquant
533 1464 566 1524 et
584 1464 732 1543 tesseras,
758 1460 792 1524 id
813 1461 919 1544 ipsum
942 1464 1051 1525 utrum
1074 1460 1166 1525 lube-

105 1528 147 1653 ἐξ
158 1548 217 1632 bit,
236 1548 387 1630 quoniam
403 1547 470 1610 sine
484 1547 524 1611 iis
538 1548 635 1612 beata
649 1569 718 1612 esse
733 1553 879 1614 senectus
892 1550 1009 1632 potest.
1038 1547 1164 1613 Multas
1179 1564 1200 1606 1⁵

160 1636 273 1700 adres
296 1635 450 1720 perutiles
473 1635 697 1719 Xenophontis
725 1635 802 1701 libri
830 1641 917 1720 srmt3
945 1657 1025 1719 quos
1053 1637 1164 1722 legite,

160 1744 287 1806 quaeso,
311 1722 462 1807 studiose,
485 1727 522 1787 ut
544 1723 660 1788 facitis.
697 1722 800 1798 Quam
822 1724 950 1807 copiose
973 1725 1014 1789 ab
1034 1746 1070 1789 eo
1091 1725 1165 1810 agri

159 1811 286 1876 cultura
317 1810 468 1875 laudatur
499 1811 534 1873 in
565 1832 602 1875 eo
630 1811 728 1895 libro,
761 1811 816 1893 qui
843 1815 893 1874 est
917 1811 954 1874 de
982 1812 1100 1876 tuenda
1128 1835 1164 1877 re

158 1897 327 1981 familiari,
351 1898 406 1981 qui
429 1897 659 1964 Oeconomicus
681 1898 881 1962 inscribiturl
926 1897 1034 1980 Atque
1057 1903 1094 1962 ut
1116 1900 1165 1964 in·

159 1985 325 2070 tellegatis
352 1985 435 2049 nihil
463 1986 493 2050 ei
520 1989 588 2050 tam
615 1987 725 2071 regale
757 1985 859 2050 videri
890 2006 988 2068 quam
1020 1986 1164 2051 studium
1180 2006 1203 2047 11

160 2073 231 2160 agri
254 2074 388 2157 colendi,
411 2071 560 2140 Socrates
583 2074 618 2138 in
640 2096 677 2139 eo
701 2074 785 2138 libro
806 2073 950 2156 loquitur
969 2094 1041 2137 cum
1061 2070 1165 2138 Crito-

159 2163 236 2226 bulo
261 2160 380 2245 Cyrum
403 2162 575 2246 minorem,
596 2161 769 2227 Persarum
792 2182 915 2247 rcgem,
942 2163 1165 2244 praestantem

158 2249 288 2334 ingenio
313 2252 409 2332 atque
431 2250 561 2332 imperii
584 2250 701 2334 gloria,
725 2272 798 2315 cum
820 2248 986 2332 Lysander
1008 2247 1166 2312 Lacedae·

159 2336 297 2419 menius,
318 2337 368 2400 vir
392 2357 536 2400 summae
558 2336 706 2418 virtutis,
729 2336 871 2399 venisset
894 2336 935 2399 ad
958 2356 1030 2399 eum
1053 2333 1165 2400 Sardis

159 2424 251 2507 eique
284 2423 368 2488 dona
395 2446 433 2574 aL
446 2423 552 2575 socii?r
575 2422 778 2573 adtultisseth
791 2425 824 2486 et
855 2422 971 2575 ceteri}
994 2423 1036 2523 ,in
1066 2425 1164 2575 repas
1180 2441 1205 2483 11

159 2532 283 2577 comem
306 2532 384 2575 era
456 2532 514 2575 san
553 2532 607 2574 um
635 2532 655 2574 a
693 2531 732 2573 ue
779 2532 932 2573 umanum
970 2532 1095 2575 urssee
1135 2535 1165 2577 er

159 2599 318 2682 quendam
333 2532 542 2682 obnsadptum
562 2531 867 2683 agruquiligenter
880 2599 1040 2663 consitum
1059 2603 1165 2663 osten·

161 2688 254 2751 disse.
300 2684 382 2750 Cum
410 2689 518 2750 autem
546 2685 760 2750 admiraretur
782 2685 947 2769 Lysander
970 2690 1003 2750 et
1025 2686 1165 2770 proceri-

159 2779 244 2839 tates
273 2774 426 2838 arborum
453 2776 486 2836 et
513 2772 657 2839 derectos
683 2773 719 2837 in
746 2773 956 2858 quincuncem
980 2774 1108 2838 ordines
1133 2778 1167 2838 et

159 2863 292 2926 humum
317 2862 484 2925 subactam
507 2864 604 2944 atque
622 2883 737 2945 puram
756 2865 789 2925 et
807 2862 1002 2926 suavitatem
1021 2862 1167 2945 odorum,
1181 2880 1205 2919 ³0

160 2950 215 3033 qui
243 2949 440 3013 adflarentur
468 2969 506 3012 ex
531 2947 679 3032 floribus,
709 2952 779 3012 tum
806 2972 879 3014 eum
908 2949 1025 3014 dixisse
1053 2949 1167 3013 mirari

161 3059 283 3102 senon
305 3038 400 3102 modo
424 3035 640 3121 diligentiam,
671 3036 726 3100 sed
754 3036 851 3101 etiam
879 3037 1059 3102 sollertiam
1088 3037 1168 3122 eius,

161 3147 265 3208 aquo
289 3128 397 3189 essent
419 3125 476 3188 illa
500 3124 644 3188 dimensa
667 3127 764 3208 atque
792 3124 961 3208 discripta3
988 3128 1021 3188 et
1044 3122 1167 3207 Cyrum

160 3213 376 3296 respondisse:
406 3212 542 3297 ‘Atqui
570 3234 639 3298 ego
666 3212 744 3278 ista
773 3234 852 3277 sum
876 3212 1003 3277 omnia
1025 3211 1169 3276 dimen-

160 3322 239 3383 sus3
269 3300 342 3364 mei
365 3304 453 3365 sunt
476 3300 643 3385 ordines,
670 3323 751 3366 mea
775 3299 994 3385 discriptio,
1021 3300 1205 3364 multaou

161 3387 277 3452 etiam
300 3388 463 3452 istarum
487 3389 666 3454 arborum
688 3411 769 3454 mea
791 3411 902 3453 manu
926 3390 1015 3453 sunt
1038 3387 1169 3453 satae?

160 3475 244 3541 Tum
262 3476 465 3562 Lysandrum
483 3476 662 3540 intuentem
680 3498 857 3561 purpuram
878 3475 947 3541 eius
971 3479 1004 3540 et
1026 3475 1170 3543 nitorem
