2430 3990
405 162 481 219 111.
502 168 544 231 ra,
565 168 605 219 11.
642 168 789 230 ssa-sc.
1036 164 1097 227 151

97 327 194 391 etiam
221 328 255 390 et
281 324 450 409 pomariis,
477 328 548 388 tum
575 324 731 408 pecudum
758 327 868 408 pastu,
897 324 1005 408 apium
1029 345 1098 388 exa·

97 413 249 497 minibus,
280 412 397 477 florum
427 412 571 476 omnium
597 411 764 476 varietate.
809 410 877 477 Nec
905 412 1099 476 consitiones

97 501 190 566 modo
214 500 384 583 delectant,
408 500 464 564 sed
487 500 585 563 etiam
608 499 785 582 insitiones,
809 499 925 584 quibus
948 499 1031 563 nihil
1053 499 1099 563 in·

97 586 184 651 venit
210 588 283 674 agri
310 588 437 653 cultura
464 587 638 652 sollertius.
683 587 821 652 Possum
848 587 999 671 persequi
1029 608 1099 671 per·
1111 556 1154 682 15}

68 675 201 739 smulta
222 675 460 741 oblectamenta
482 696 589 739 rerum
611 675 815 758 rusticarum,
839 675 895 738 sed
916 674 997 739 haec
1018 674 1100 759 ipsa,

97 783 178 845 quae
206 763 283 846 dixi,
311 763 415 827 sentio
442 762 541 827 fuisse
570 762 728 847 longiora.
773 761 954 848 Ignoscetis
977 766 1100 846 autem3

95 872 172 914 nam
200 854 232 914 11
259 852 366 915 studio
393 851 588 916 rusticarum
614 872 722 915 rerum
749 854 921 934 provectus
950 872 1034 934 sum,
1067 853 1100 914 et

97 940 242 1002 senectus
271 943 320 1003 est
345 942 463 1003 natura
490 938 668 1022 loquacior,
700 960 740 1002 ne
773 939 813 1002 ab
847 938 995 1002 omnibus
1028 959 1100 1002 eam

95 1025 185 1089 vitiis
208 1025 316 1090 videar
338 1026 508 1091 vindicare.
553 1025 642 1110 Ergo
665 1025 700 1088 in
726 1026 788 1090 hac
810 1025 879 1090 vita
901 1025 952 1090 Μ’.
977 1023 1100 1111 Carino,

54 1132 81 1170 10
96 1134 169 1177 cum
193 1112 231 1176 de
250 1111 457 1198 Samnitibus,
481 1114 518 1178 de
536 1110 674 1197 Sabinis,
698 1113 736 1178 de
754 1113 880 1196 Pyrrho
904 1113 1100 1198 triumphas-

96 1203 155 1283 set,
179 1201 377 1285 consumpsit
400 1205 579 1265 extremum
601 1204 728 1285 tempus
754 1200 879 1265 aetatis.
917 1199 1014 1265 Cuius
1034 1201 1100 1284 qui·

96 1287 168 1352 dem
192 1308 253 1373 ego
275 1288 388 1353 villam
416 1290 637 1372 contemplans
665 1287 773 1373 (abest
800 1289 886 1353 enim
912 1310 978 1353 non
1002 1289 1100 1374 longe

96 1398 115 1440 a
138 1372 203 1459 me)
226 1375 378 1440 admirari
401 1377 480 1442 satis
503 1399 569 1441 non
596 1398 729 1460 possum
752 1377 803 1442 111
828 1376 968 1441 hominis
996 1376 1098 1460 ipsius

96 1462 328 1528 continentiam
358 1465 410 1529 vel
442 1468 625 1549 temporum
658 1465 869 1548 disciplinam.
915 1462 1011 1528 Curio
1045 1464 1085 1528 ad
1095 1477 1152 1544 (uo)

55 1570 82 1609 rs
96 1551 204 1615 focum
237 1551 362 1616 sedenti
392 1574 546 1638 magnum
579 1554 648 1617 auri
679 1553 805 1637 pondus
834 1549 995 1616 Samnites
1028 1574 1100 1617 oum

96 1639 297 1723 attulissent,
324 1640 484 1723 repudiati
512 1644 600 1723 sunt3
631 1661 698 1705 non
725 1640 811 1704 enim
839 1661 952 1704 aurum
980 1640 1100 1703 habere

95 1727 297 1810 praeclarum
329 1727 392 1791 sibi
418 1728 519 1792 videri
552 1728 645 1811 dixit,
677 1728 733 1792 sed
765 1728 825 1813 111,
858 1728 912 1811 qui
943 1727 1101 1791 haberent

96 1836 223 1898 aurum,
253 1815 420 1900 imperare.
468 1814 644 1880 Poteratne
675 1819 785 1881 tantus
819 1816 944 1880 animus
975 1814 1100 1880 efficere
1119 1834 1153 1883 oo

95 1923 160 1966 non
187 1903 358 1967 iucundam
387 1904 606 1968 senectutem?
652 1900 714 1968 Sed
741 1904 834 1967 venio
863 1903 903 1968 ad
931 1903 1100 1987 agricolas,

57 2007 83 2047 11
96 2011 136 2053 ne
160 2012 179 2053 a
202 2012 253 2054 me
276 1991 347 2073 ipso
370 1991 525 2055 recedam.
561 1991 601 2054 In
619 1991 706 2074 agris
726 1994 818 2054 erant
836 1993 906 2053 tum
926 1994 1101 2072 senatores,

95 2077 129 2140 id
156 2080 206 2140 est
229 2098 336 2159 senes,
364 2077 521 2160 siquidem
550 2078 656 2141 aranti
678 2077 713 2140 L.
737 2075 885 2151 Quinctio
910 2074 1100 2141 Cincinnato

95 2163 282 2227 nuntiatum
305 2166 354 2227 est
378 2184 450 2227 eum
474 2165 664 2229 dictatorem
683 2185 752 2228 esse
771 2164 906 2248 factum3
929 2163 1019 2228 cuius
1039 2164 1101 2229 dio·

96 2250 215 2315 tatoris
237 2250 328 2314 iussu
350 2251 507 2335 magister
530 2251 675 2334 equitum
694 2249 727 2316 O.
747 2248 901 2316 Servilius
920 2250 1029 2316 Ahala
1047 2250 1100 2337 Sp.

95 2338 249 2402 Maelium
267 2358 403 2423 regnum
422 2339 627 2422 adpetentem
651 2343 842 2423 occupatum
864 2339 1038 2404 interemit.
1069 2337 1100 2402 A

56 2444 81 2482 ²5
96 2426 223 2490 villain
241 2430 389 2490 senatum
409 2428 632 2492 arcessebatur
650 2430 683 2490 et
697 2425 812 2490 Curius
832 2431 864 2491 et
883 2427 981 2492 ceteri
1000 2449 1100 2511 senes,

97 2536 135 2576 ex
158 2534 234 2596 quo,
263 2513 318 2596 qui
341 2535 395 2578 eos
420 2514 640 2597 arcessebant,
669 2513 810 2579 viatores
833 2514 993 2579 nominati
1015 2519 1099 2578 sunt.

95 2601 182 2666 Num
209 2600 311 2685 igitur
337 2601 453 2665 horum
482 2606 629 2666 senectus
657 2600 852 2665 miserabilis
880 2601 956 2685 fuit,
983 2602 1039 2685 qui
1066 2623 1100 2666 se

97 2688 168 2773 agri
182 2688 323 2752 cultione
338 2688 567 2754 oblectabant?
599 2688 673 2752 Mea
691 2688 819 2772 quidem
839 2690 998 2753 sententia
1013 2688 1100 2753 haud

96 2775 162 2839 scio
186 2797 228 2840 an
250 2776 341 2839 nulla
363 2776 490 2841 beatior
512 2777 617 2861 possit
636 2797 715 2860 esse,
736 2798 841 2861 neque
860 2778 965 2841 solum
984 2776 1100 2860 officio,

57 2881 82 2920 ⁸0
97 2863 182 2947 quod
209 2863 377 2927 hominum
404 2864 515 2949 generi
541 2864 691 2929 universo
719 2865 847 2929 cultura
874 2885 1027 2948 agrorum
1050 2868 1100 2929 est

96 2951 258 3034 salutaris,
281 2950 337 3014 sed
356 2954 388 3014 et
407 2951 627 3035 delectatione,
647 2953 684 3016 de
702 2974 765 3035 qua
779 2951 853 3034 dixi,
877 2956 910 3016 et
928 2952 1099 3016 saturitate

95 3037 250 3122 copiaque
277 3059 385 3102 rerum
412 3039 570 3122 omnium,
598 3061 680 3122 quae
713 3040 753 3104 ad
780 3039 901 3104 victum
923 3039 1100 3124 hominum,

96 3125 137 3189 ad
160 3125 283 3191 cultum
306 3125 405 3189 etiam
428 3125 559 3191 deorum
583 3126 754 3212 pertinent,
777 3131 823 3212 ut,
846 3127 998 3210 quoniam
1020 3127 1101 3193 haec

96 3212 227 3296 quidam
259 3212 457 3299 desiderant,
492 3214 526 3276 in
559 3213 700 3299 gratiam
731 3214 797 3279 iam
829 3236 900 3278 oum
931 3215 1099 3299 voluptate

52 3318 80 3358 aa
95 3300 273 3364 redeamus.
319 3298 452 3385 Semper
478 3301 565 3366 enim
592 3301 668 3366 boni
696 3302 880 3387 assiduique
910 3301 1031 3367 domini
1053 3325 1100 3368 re-

94 3387 180 3452 ferta
198 3387 281 3453 cella
298 3387 432 3472 11111111,
456 3388 586 3473 olearia,
609 3389 708 3453 etiam
725 3389 859 3475 penaria
877 3393 935 3475 est,
957 3391 1100 3474 villaque

93 3478 167 3540 tota
185 3474 329 3561 locuples
348 3478 406 3561 est,
430 3477 574 3542 abundat
591 3498 699 3562 porco,
716 3477 829 3563 haedo,
850 3499 944 3564 agno,
967 3479 1100 3564 gallina,
