2430 3990
471 187 547 245 CAP.
569 195 582 242 1
620 194 634 254 ᾖ
656 195 731 244 1-4.
1011 201 1013 204 ⁴
1043 191 1105 255 163

97 353 227 434 putata,
260 350 364 413 multa
388 349 487 414 etiam
514 349 656 414 breviter
683 353 716 413 at
744 349 910 414 commode
933 346 1019 415 dieta
1042 363 1106 416 me·

98 438 222 502 moriae
254 437 449 501 mandabam
476 437 609 520 fierique
637 437 808 501 studebam
838 437 906 501 eius
934 438 1105 522 prudentia

95 526 233 590 doctior.
279 523 348 600 Quo
380 528 509 591 mortuo
541 547 592 589 me
625 525 666 589 ad
698 525 885 609 pontificem
918 523 1105 591 Scaevolam

98 613 235 696 contuli,
267 634 363 696 quem
394 635 493 677 unum
524 616 656 678 nostrae
688 613 830 679 civitatis
859 616 892 678 et
918 614 1049 700 ingenio
1073 618 1106 678 et

69 701 225 766 siustitia
251 701 569 785 praestantissimum
600 701 701 766 audeo
730 702 843 767 dicere.
888 699 950 766 Sed
978 703 1016 767 de
1043 703 1105 767 hoc
1210 725 1213 733 ·

99 791 195 873 alias3
217 810 302 854 nunc
324 789 419 854 redeo
444 789 484 853 ad
508 810 671 874 augurem.

166 875 247 942 Cum
266 899 362 962 saepe
380 878 493 961 multa,
515 881 586 941 tum
604 877 737 941 memini
756 876 843 941 domi
861 877 895 941 in
913 877 1104 962 hemicyclio
1123 887 1140 936 2

99 966 273 1050 sedentem,
295 968 333 1030 ut
355 966 491 1050 solebat,
515 987 588 1030 cum
611 969 644 1029 et
666 986 727 1051 ego
752 986 855 1029 essem
874 987 938 1030 una
955 970 988 1030 et
1010 969 1105 1050 pauci

100 1053 273 1119 admodum
290 1053 477 1136 familiares,
499 1053 533 1117 in
552 1075 625 1117 eum
646 1075 826 1118 sermonem
845 1053 939 1116 illum
956 1054 1107 1139 incidere,

58 1161 85 1201 ro
101 1143 156 1227 qui
187 1146 257 1206 tum
289 1141 374 1206 forte
406 1142 518 1206 multis
552 1146 622 1206 erat
647 1142 682 1205 in
709 1163 773 1206 ore.
818 1140 996 1206 Meministi
1020 1142 1106 1207 enim

100 1230 263 1315 profecto,
287 1228 410 1314 Attica,
438 1233 471 1294 et
494 1250 532 1295 eo
555 1230 674 1314 magis,
706 1228 792 1313 quod
813 1227 849 1294 P.
872 1226 1015 1314 Sulpicio
1038 1234 1107 1294 ute·

99 1319 178 1383 bare
210 1319 362 1403 multum,
397 1340 469 1383 cum
496 1317 525 1381 is
557 1317 706 1383 tribunus
738 1318 782 1402 pl.
815 1317 948 1401 capitali
981 1318 1054 1383 odio
1086 1341 1107 1383 a

101 1405 137 1482 Q.
160 1405 324 1490 Pompeio,
348 1406 496 1489 quitum
519 1408 590 1470 erat
612 1406 738 1489 consul,
761 1405 943 1489 dissideret,
968 1428 1106 1489 quocum

101 1494 362 1560 coniunctissime
389 1498 422 1559 et
450 1494 670 1558 amantissime
699 1493 839 1577 vixerat,
871 1497 993 1576 quanta
1021 1497 1106 1558 essct

60 1600 86 1642 ιδ
100 1582 267 1647 hominum
290 1582 342 1647 vel
362 1582 533 1646 admiratio
548 1582 600 1646 vel
615 1582 767 1665 querella.
800 1581 914 1664 ltaque
928 1585 998 1646 tum
1014 1580 1104 1647 Scae·
1124 1591 1140 1638 3

100 1671 176 1736 vola
195 1692 267 1734 cum
280 1670 315 1734 in
333 1691 405 1734 eam
423 1671 528 1754 ipsam
547 1670 744 1734 mentionem
760 1669 934 1753 incidisset,
958 1670 1107 1756 exposuit

99 1758 194 1822 nobis
225 1778 406 1822 sermonem
427 1757 520 1822 Laeli
554 1757 592 1821 de
625 1757 768 1823 amicitia
795 1757 944 1822 habitum
978 1759 1019 1822 ab
1047 1759 1105 1822 illo

101 1868 209 1911 secum
241 1848 274 1908 et
308 1867 379 1910 eum
408 1846 511 1910 altero
542 1866 671 1931 genero,
701 1843 735 1911 Ο.
758 1845 881 1911 Fannio
904 1845 1007 1911 Marci
1029 1847 1107 1929 filio,

101 1933 212 2018 paucis
236 1933 347 1998 diebus
370 1938 446 2018 post
469 1936 608 1999 mortem
631 1932 785 1997 Africani.
814 1933 893 1998 Eius
915 1934 1107 2018 disputatio-

61 2041 88 2080 (ο
101 2021 152 2085 nis
176 2022 353 2085 sententias
377 2022 551 2087 memoriae
574 2020 733 2103 mandavi,
757 2041 837 2103 quas
860 2020 923 2084 hoc
945 2021 1030 2084 libro
1056 2042 1106 2084 ex·

100 2110 195 2193 posui
220 2109 381 2173 arbitratu
403 2131 491 2192 meo3
515 2108 607 2192 quasi
630 2108 715 2189 enim
738 2107 826 2190 ipsos
845 2106 956 2171 induxi
974 2109 1106 2191 loquen·
1206 2165 1213 2177 ,

101 2201 161 2280 tes,
183 2217 224 2260 ne
248 2195 425 2280 ‘inquam'
449 2200 482 2260 et
511 2194 662 2279 ‘inquit'
687 2195 814 2279 saepius
837 2194 1106 2279 interponeretur,

103 2286 201 2434 atpue
220 2288 257 2347 ut
276 2288 442 2367 tamquam
461 2309 480 2349 a
498 2287 723 2369 praesentibus
743 2310 852 2353 coram
869 2287 983 2352 haberi
1001 2307 1108 2350 sermo

103 2369 135 2433 vi
158 2375 274 2435 eretur.
1096 2429 1102 2440 ,

65 2479 91 2521 rs
171 2461 254 2526 (lum
285 2460 370 2527 enim
398 2482 493 2546 saepe
521 2481 645 2525 mecum
674 2482 799 2547 ageres,
831 2464 868 2525 ut
900 2461 938 2524 da
966 2460 1146 2525 amicitias

105 2550 279 2615 scriberem
302 2549 433 2633 aliquid,
456 2549 555 2634 digna
575 2549 656 2612 mihi
678 2571 729 2614 res
749 2571 821 2613 cum
840 2548 983 2613 omnium
1002 2549 1111 2633 cogni·

105 2638 203 2721 tione,
225 2639 296 2701 tum
318 2641 432 2702 nostra
455 2636 677 2702 familiaritate
705 2637 775 2700 visa
803 2640 860 2701 est.
906 2635 1021 2720 Itaque
1048 2637 1111 2702 feci

104 2747 171 2791 non
194 2725 324 2808 invitus,
347 2729 384 2789 ut
406 2724 594 2809 prodessem
618 2725 730 2788 multis
752 2729 871 2811 rogatu
889 2728 955 2790 tuo.
988 2722 1051 2788 Sed
1073 2730 1110 2790 ut

104 2815 140 2878 in
170 2813 292 2878 Catone
314 2811 451 2896 Maiore,
483 2812 538 2896 qui
565 2816 615 2876 est
643 2813 781 2897 scriptus
809 2813 850 2876 ad
877 2817 909 2876 te
938 2812 976 2876 de
1004 2834 1110 2878 senec·

67 2918 91 2960 so
105 2905 189 2984 tute,
218 2899 375 2966 Catonem
395 2901 506 2965 induxi
529 2921 638 2965 senem
662 2901 895 2984 disputantem,
919 2901 995 2984 quia
1018 2903 1111 2968 nulla

104 2989 276 3056 videbatur
300 2989 408 3073 aptior
430 3010 577 3073 persona,
601 3010 682 3071 quae
705 2989 743 3051 de
762 2988 821 3052 illa
840 2992 947 3053 aetate
965 2989 1112 3073 loquere·

104 3082 174 3161 tur,
196 3099 295 3162 quam
318 3078 400 3161 eius,
423 3076 479 3161 qui
502 3080 535 3140 et
558 3076 737 3140 diutissime
762 3098 857 3141 senex
880 3076 996 3141 fuisset
1019 3081 1051 3143 et
1077 3080 1112 3146 in

104 3168 177 3251 ipsa
201 3168 363 3230 senectute
386 3169 516 3250 praeter
539 3168 662 3228 ceteros
684 3164 857 3247 floruisset,
881 3165 941 3248 sie,
965 3187 1038 3230 cum
1062 3190 1112 3233 ac·

104 3254 300 3339 cepissemus
327 3275 347 3318 a
368 3253 517 3338 patribus
540 3252 679 3316 maxime
702 3253 946 3317 memorabilem
965 3252 999 3318 (l.
1018 3253 1113 3322 Laeli

65 3357 89 3400 as
104 3346 138 3406 et
174 3340 210 3405 P.
240 3339 399 3425 Scipionis
434 3341 693 3405 familiaritatem
728 3340 842 3424 fuisse,
878 3340 994 3406 idonea
1030 3344 1116 3414 mihi

103 3429 196 3496 Laeli
218 3451 357 3513 persona
379 3430 450 3493 visa
474 3433 539 3512 est,
568 3450 650 3511 quae
673 3428 711 3492 de
735 3429 877 3493 amicitia
901 3450 938 3492 ea
958 3429 1031 3513 ipsa
1050 3432 1117 3498 dis-

102 3522 242 3601 sereret,
275 3538 356 3601 quae
387 3517 551 3602 disputata
583 3517 623 3580 ab
652 3538 689 3580 eo
718 3516 918 3581 meminisset
946 3513 1119 3592 Scaevola.

846 3619 899 3672 11*
