2430 3990
381 177 457 234 aar.
478 185 520 246 21,
539 173 581 232 aa.
615 184 760 244 sir—ao.
1014 177 1074 242 189

63 341 177 427 diligit
200 343 233 405 et
257 340 395 404 alterum
416 338 566 422 anquirit,
585 339 675 404 cuius
694 338 838 402 animum
856 339 904 403 ita
923 362 996 404 eum
1016 361 1073 405 suo

65 431 210 512 misceat,
233 431 271 492 ut
294 427 414 492 efficiat
436 449 538 512 paene
561 449 660 491 unum
684 448 722 489 ex
746 426 880 491 duobus.
1084 477 1124 541 ῃ

133 515 196 581 Sed
218 516 364 601 plerique
382 536 542 600 perverse,
560 536 600 579 ue
617 514 721 579 dicam
735 513 936 598 inpudenter,
954 514 1074 578 habere
1093 554 1124 604 8⁹

16 638 18 651 ·
64 606 168 670 talem
192 605 331 669 amicum
353 604 482 686 volunt,
515 604 626 686 quales
652 602 716 687 ipsi
740 623 810 666 esse
835 623 901 667 non
927 606 1073 687 possunt,

16 694 213 777 'aquaeque
236 692 300 777 ipsi
321 713 387 756 non
409 692 558 755 tribuunt
582 691 703 773 amicis,
725 690 805 770 haec
829 691 871 755 ab
894 690 934 754 iis
954 691 1075 755 deside·

65 785 151 846 rant.
183 781 247 845 Par
262 783 311 844 est
326 783 434 844 autem
449 779 589 864 primum
604 779 711 863 ipsum
732 801 801 843 esse
820 779 925 843 virum
944 780 1074 863 bonum,

65 873 139 934 tum
156 869 295 933 alterum
310 868 449 931 similem
464 869 513 933 sui
529 889 690 951 quaerere.
722 867 761 931 In
774 867 896 931 talibus
912 889 958 951 ea,
977 889 1074 950 quam

66 958 134 1023 iam
157 957 276 1021 dudum
294 961 487 1040 tractamus,
515 956 680 1021 stabilitas
705 955 866 1020 amicitiae
890 954 1074 1020 confirmari

66 1049 191 1130 potest,
224 1067 297 1110 cum
328 1045 474 1110 homines
502 1044 722 1109 benivolentia
744 1043 906 1108 coniuncti
933 1043 1074 1127 pn'mum
1127 1053 1130 1059 '

33 1149 55 1189 ¹⁰
68 1133 300 1218 cupiditatibus
328 1133 382 1217 iis,
413 1133 528 1216 quibus
552 1133 650 1198 ceteri
674 1132 832 1215 serviunt,
859 1131 1075 1216 imperabunt,

69 1221 183 1286 deinde
204 1221 368 1305 aequitate
382 1221 571 1304 iustitiaque
586 1221 782 1306 gaudebunt,
801 1220 972 1303 omniaque
991 1219 1075 1283 alter

67 1331 127 1395 pro
148 1310 251 1374 altero
271 1309 433 1392 suscipiet,
456 1330 558 1391 neque
578 1309 748 1392 quicquam
762 1331 916 1392 umquam
935 1307 999 1372 nisi
1016 1307 1075 1372 ho·

67 1401 198 1463 nestum
227 1401 259 1461 et
286 1400 411 1462 rectum
441 1397 523 1459 alter
550 1397 591 1460 ab
619 1398 722 1461 altero
746 1397 940 1481 postulabit,
970 1417 1074 1478 neque

68 1487 177 1550 solum
192 1487 300 1550 colent
314 1485 398 1549 inter
418 1506 451 1547 se
471 1506 507 1548 ac
526 1484 671 1569 diligent,
690 1485 745 1549 sed
760 1486 858 1550 etiam
871 1485 1074 1549 verebuntur.

34 1573 156 1639 “Nam
179 1594 366 1636 maxumum
389 1575 616 1635 ornamentum
639 1573 800 1637 amicitiae
822 1573 925 1656 tollit,
953 1571 1008 1656 qui
1036 1593 1074 1636 ex

66 1684 106 1726 ea
135 1660 225 1724 tollit
251 1658 484 1724 verecundiam.
528 1657 642 1741 Itaque
669 1660 703 1723 in
729 1660 769 1723 iis
796 1660 995 1745 perniciosus
1025 1663 1074 1723 est
1093 1668 1125 1718 8³

67 1770 174 1831 error,
203 1746 258 1831 qui
285 1747 482 1811 existumant
504 1746 684 1810 lubidinum
710 1740 978 1832 peccatorumque
1009 1770 1074 1812 om·

66 1839 159 1901 nium
183 1839 293 1919 patere
316 1834 351 1898 in
374 1834 518 1899 amicitia
541 1834 718 1918 licentiam,
745 1836 904 1901 virtutum
932 1836 1075 1901 amicitia

69 1924 211 1990 adiutrix
235 1946 254 1987 a
276 1927 393 1987 natura
417 1923 493 1987 data
516 1926 579 2006 est,
608 1943 673 1986 non
700 1923 853 1987 vitiorum
881 1945 1001 2007 comes,
1028 1928 1074 2007 ut,

35 2025 58 2066 Ν
70 2011 225 2097 quoniam
244 2011 392 2076 solitaria
404 2032 470 2074 non
484 2015 595 2094 posset
608 2010 712 2074 virtus
727 2010 767 2074 ad
782 2032 828 2094 ea,
848 2033 929 2095 quae
949 2033 1075 2075 summa

69 2104 159 2183 sunt,
187 2098 368 2183 pervenire,
400 2099 570 2164 coniuncta
598 2103 630 2163 et
658 2098 842 2163 consociata
869 2121 941 2164 cum
972 2099 1075 2163 altera

68 2188 261 2274 perveniret.
307 2185 395 2261 Quae
418 2187 446 2250 si
470 2207 550 2270 quos
577 2187 662 2250 inter
693 2186 829 2251 societas
858 2191 915 2251 aut
942 2192 992 2251 est
1019 2189 1075 2250 aut

67 2274 133 2341 fuit
157 2278 214 2340 aut
236 2275 347 2339 futura
371 2279 429 2358 est,
452 2296 562 2338 eorum
586 2278 636 2338 est
658 2274 824 2339 habendus
849 2276 889 2340 ad
914 2296 1075 2338 summum

68 2366 206 2429 naturae
242 2364 361 2428 bonum
399 2367 551 2448 optumus
587 2363 856 2448 beatissimusque
893 2364 1075 2428 comitatus.

34 2466 57 2507 ὓ
69 2450 162 2517 Haec
185 2455 243 2533 est,
264 2451 407 2535 inquam,
427 2451 574 2535 societas,
592 2453 626 2515 in
645 2453 836 2538 quaomnia
854 2452 974 2535 insunt,
993 2473 1074 2535 quae
1094 2461 1126 2512 84

68 2543 189 2625 putant
212 2539 358 2603 homines
382 2539 568 2623 expetenda,
590 2539 755 2623 honestae,
776 2540 896 2624 gloria,
919 2539 1076 2623 tranquil·

68 2627 149 2691 litas
173 2627 272 2691 animi
296 2630 392 2710 atque
414 2627 609 2711 iucunditaS,
631 2632 669 2691 ut
692 2632 737 2712 et,
760 2650 833 2693 cum
855 2628 935 2692 haec
959 2628 1075 2711 adsint,

68 2716 169 2780 beata
191 2715 259 2780 vita
282 2715 325 2778 sit
349 2718 381 2779 et
405 2714 472 2778 sine
495 2714 547 2778 his
570 2736 640 2779 esse
663 2737 728 2781 non
746 2717 860 2800 possit.
893 2715 985 2791 Quod
1003 2738 1076 2780 oum

70 2807 242 2888 optumum
274 2824 523 2886 maxumumque
555 2804 611 2886 sit,
642 2803 669 2866 si
695 2804 727 2868 id
754 2806 904 2869 volumus
932 2802 1076 2888 adipisci,

36 2890 187 2956 ”virtuti
209 2912 307 2975 opera
326 2891 431 2956 danda
449 2894 508 2974 est,
530 2891 598 2955 sine
622 2913 685 2975 qua
702 2913 761 2956 nec
779 2893 955 2958 amicitiam
973 2913 1076 2976 neque

70 2980 173 3044 ullam
201 3000 270 3042 rem
297 2978 507 3063 expetendam
536 2979 687 3062 consequi
714 3001 899 3065 possumus,
932 3004 970 3046 ea
998 3001 1075 3045 vero

69 3067 222 3152 neglecta
254 3066 308 3149 qui
337 3088 370 3131 se
399 3067 523 3131 amicos*
550 3067 669 3131 habere
698 3069 911 3153 arbitrantur,
943 3074 1014 3134 tum
1041 3090 1075 3133 se

70 3155 208 3237 denique
233 3175 355 3218 errasse
375 3155 528 3237 sentiunt,
551 3177 623 3219 cum
643 3176 697 3219 eos
717 3158 826 3241 gravis
846 3158 963 3243 aliquis
982 3178 1075 3223 casus

70 3241 216 3327 experiri·
234 3242 330 3326 cogit.
362 3240 517 3316 Quocirca
540 3241 721 3327 (dicendum
746 3250 796 3309 est
819 3246 903 3311 enim
926 3246 1075 3331 saepius),
1094 3259 1124 3308 at

16 3343 144 3396 'boum
173 3329 338 3412 iudicaris,
370 3330 504 3415 diligere
533 3335 675 3414 oportet,
702 3353 780 3411 non,
813 3358 885 3399 cum
917 3335 1076 3420 dilexeris,

69 3417 220 3483 iudicare.
254 3415 315 3481 Sed
339 3439 412 3482 cum
431 3419 540 3482 multis
564 3419 598 3482 in
615 3420 712 3483 rebus
735 3422 942 3507 neglegentia
965 3424 1076 3508 plecti·

70 3528 152 3586 mur,
175 3509 247 3569 tum
270 3506 407 3570 maxime
431 3505 465 3568 in
488 3506 599 3571 amicis
623 3511 655 3571 et
679 3508 850 3594 diligendis
871 3515 902 3575 et
922 3512 1076 3597 colendis,
