2430 3990
172 171 235 235 134
409 167 502 223 CATO
521 167 637 224 MAIOR
655 168 704 223 DE
723 168 934 225 SENEOTUTE

135 310 155 373 3
236 327 323 395 Ono
359 327 499 414 Faciam,
522 336 559 395 ιιι
577 334 700 415 potero,
718 331 818 396 Laeli
850 305 952 415 Saepe
971 331 1056 396 onim
1074 330 1174 395 inter·

136 387 217 482 'fui
240 416 378 500 querelis
406 419 590 501 aequalium
616 440 761 484 meorum
788 417 896 504 (pares
925 422 1033 483 autem
1063 424 1174 484 vetere

168 505 339 590 proverbio
363 527 436 570 cum
463 506 595 589 paribus
622 505 776 571 facillime
799 503 1066 592 congregantur),
1090 528 1173 590 quae

170 591 203 658 O.
227 590 403 676 Salinator,
436 613 517 675 quae
541 590 594 676 Sp.
618 591 771 677 Albinus,
799 593 947 659 homines
975 595 1173 679 consulares,

168 679 273 744 nostri
294 678 362 743 fere
380 680 539 764 aequales,
559 679 726 780 deplorare
745 682 903 766 solebant,
923 686 994 746 tum
1014 680 1099 765 quod
1117 703 1173 747 vo
1200 708 1201 712 ¹

168 767 350 851 luptatibus
378 770 537 851 carerent,
565 767 634 831 sine
662 768 779 851 quibus
805 769 908 835 vitam
931 770 1055 834 nullam
1078 773 1173 921 putat

168 858 254 938 rent,
282 858 352 918 tum
375 853 461 938 quod
484 858 711 938 spernerentur
734 855 853 939 abiis,
881 857 1040 940 aquibus
1064 861 1173 921 essent

169 942 234 1007 coli
254 941 351 1006 ιοιιιι.
384 940 445 1016 Qui
464 941 545 1005 mihi
562 963 629 1006 non
646 941 680 1006 id
697 906 889 1008 videbantur
908 965 1067 1027 accusare,
1087 945 1173 1028 quod

169 1033 255 1094 esset
278 1029 499 1094 accusandum.
544 1027 680 1095 Nam'
654 1051 682 1094 ιι
704 1030 738 1093 id
764 1031 860 1115 culpa
887 1031 1062 1097 senectutis
1091 1033 1172 1096 acci-

169 1119 274 1201 deret,
302 1117 413 1182 eadem
436 1117 518 1182 mihi
544 1138 605 1182 usu
627 1117 775 1184 venirent
796 1118 994 1202 reliquisque
1020 1118 1171 1184 omnibus

168 1168 345 1270 maioribus
368 1208 456 1288 natu,
479 1226 615 1288 quorum
635 1226 695 1291 ego
714 1206 891 1272 multorum
909 1206 1048 1292 cognovi
1066 1228 1173 1272 senec·

167 1292 312 1357 tutem
287 1313 354 1356 sine
369 1292 508 1376 querela,
532 1293 587 1377 qui
602 1314 667 1356 see
669 1293 872 1359 tlibidinum
890 1294 1027 1361 vinculis
1043 1294 1172 1359 laxatos

168 1401 239 1444 esse
269 1400 335 1444 non
366 1380 502 1443 moleste
534 1378 656 1444 ferrent
686 1401 746 1446 nec
778 1404 797 1445 a
824 1381 891 1447 suis
924 1381 1123 1467 despicerent
1125 1404 1172 1447 ur.

168 1465 231 1532 Sed
254 1466 398 1531 omnium
420 1466 515 1530 istius
539 1467 627 1531 modi
654 1468 894 1550 querelarum
884 1490 919 1532 m
948 1469 1173 1535 moribust
1123 1473 1173 1534 est

168 1556 272 1640 culpa,
294 1576 360 1618 non
382 1554 417 1617 in
439 1557 554 1619 aetate.
598 1553 758 1618 Moderati
732 1556 867 1620 tenim
891 1559 923 1620 et
946 1578 1004 1620 nec
1023 1556 1172 1622 difficiles
1195 1577 1202 1606 ι

167 1665 225 1708 nec
256 1641 424 1706 inhumani
461 1662 552 1706 senes
584 1642 789 1707 tolerabilem
826 1646 1024 1709 senectutem
1060 1648 1173 1729 agunt,

167 1731 385 1814 inportunitas
413 1732 521 1794 autem
549 1733 581 1793 et
608 1728 829 1794 inhumanitas
856 1732 945 1796 omni
973 1731 1074 1795 aetati
1106 1753 1172 1795 mo·

168 1820 252 1883 lesta
274 1820 331 1881 est.

133 1922 148 1971 ι
234 1905 377 1971 Laruas.
412 1903 487 1988 Ειι,
510 1907 546 1968 ιιι
570 1903 661 1988 diois,
688 1902 785 1988 Cato,
809 1854 865 1969 sed
886 1904 953 1970 fort
939 1908 1026 1969 tasse
1055 1904 1172 1969 dixerit

167 1993 329 2079 quispiam
360 1991 422 2057 tibi
453 1995 586 2076 propter
618 2012 696 2076 opes
724 1996 756 2056 et
784 1991 893 2076 copias
917 1996 950 2056 et
978 1991 1118 2077 dignitat
1120 2014 1197 2058 em

167 2087 257 2147 tuam
281 2079 535 2146 tolerabiliorem
558 2083 757 2146 senectutem
779 2079 895 2164 videri,
917 2079 951 2143 id
974 2083 1030 2145 aut
1032 2102 1083 2144 em
1105 2102 1173 2145 non

167 2191 263 2254 posse
286 2169 399 2234 multis
422 2169 618 2254 contingere.

234 2256 321 2322 Chre.
357 2256 419 2320 Est
441 2255 529 2318 istud
548 2255 685 2338 quidem,
704 2255 803 2338 Laeli,
826 2255 958 2338 aliquid,
977 2254 1033 2319 sod
1051 2275 1173 2338 nequa-

168 2365 265 2428 quam
288 2343 322 2407 ιιι
340 2343 404 2407 ιιιο
420 2346 495 2406 sunt
481 2342 625 2406 t.0mnia
652 2340 699 2406 Ut
708 2340 942 2406 Themistocles
965 2340 1069 2407 fertur
1088 2339 1174 2407 Seri-

167 2431 245 2517 phio
269 2429 427 2496 cuidam
418 2451 452 2493 m
479 2428 584 2514 iurgio
612 2429 829 2514 respondisse,
861 2450 934 2494 oum
956 2429 1012 2493 ille
1039 2429 1174 2494 dixisset
1202 2453 1208 2480 ε

167 2541 320 2584 nonaum
335 2539 402 2601 sua,
425 2516 551 2582 sedt
494 2519 551 2601 pat
553 2516 620 2581 riae
635 2516 741 2631 gloria
756 2516 959 2600 splendorem
972 2516 1173 2582 adsecutum:

169 2605 257 2672 Nec
283 2597 467 2688 hercule',
494 2604 612 2687 inquit,
645 2603 783 2689 siege
811 2601 1013 2688 Seriphius
1043 2625 1175 2687 essem,

168 2716 237 2759 nec
273 2696 316 2758 tu
352 2692 385 2756 si
417 2655 687 2774 Atheniensis,
720 2692 848 2756 clarus
876 2712 1051 2774 umquam
1079 2690 1174 2755 fuis·

169 2780 249 2846 ses?
300 2779 392 2856 Quod
424 2779 536 2843 eodem
568 2779 663 2843 modo
700 2778 739 2842 de
768 2782 898 2844 seneetu
877 2781 931 2843 ute
899 2778 1023 2844 tdiei
1056 2782 1174 2863 potest

168 2868 238 2935 Nec
261 2867 347 2933 enim
370 2867 404 2931 in
428 2888 554 2931 summa
571 2865 681 2950 inopia
699 2865 780 2930 levis
800 2886 870 2931 esse
893 2870 1040 2930 senectus
1064 2869 1176 2950 potest
1190 2884 1212 2925 ι

169 2977 210 3022 ne
237 2954 377 3041 sapienti
404 2955 532 3038 quidem
568 2974 626 3020 nec
658 2953 825 3037 insipienti
857 2952 995 3018 etiam
985 2975 1020 3018 ιιι
1048 2974 1177 3018 summa

133 3070 150 3120 a
171 3066 264 3129 cop1a
285 3064 351 3108 non
374 3041 493 3128 gravis.
538 3039 719 3124 Aptissima
743 3041 873 3105 omnino
893 3044 968 3106 sunt
974 3038 1118 3142 ,Scipio
1144 3045 1179 3107 et

169 3132 274 3217 Laeli,
303 3152 393 3196 arma
421 3129 595 3193 senectutis
623 3133 709 3193 artes
737 3129 878 3193 exercita
859 3128 1049 3212 ationesque
1076 3128 1179 3194 virtu-

170 3224 249 3303 tum,
272 3240 354 3302 quae
376 3218 411 3282 in
434 3216 522 3281 omni
545 3219 651 3280 aetate
670 3216 785 3300 cultae,
808 3239 880 3282 cum
900 3216 955 3280 diu
972 3217 1178 3301 multumque

169 3306 297 3390 vixeris,
316 3305 470 3370 mirificos
485 3303 629 3369 ecferunt
641 3302 728 3369 fruct
714 3308 776 3386 t,us
793 3325 859 3368 non
874 3304 981 3368 solum
995 3303 1071 3387 quia
1086 3325 1178 3369 num·
1194 3317 1213 3364 s

194 3417 267 3460 uam
288 3357 442 3458 deserunt
477 3413 517 3456 ne
546 3394 689 3456 extremo
723 3354 850 3475 quidem
882 3395 1028 3476 tempore
1058 3393 1178 3456 aetatis

51 3531 60 3570 :2
75 3503 122 3563 „32
153 3418 381 3567 tquamquam
400 3479 441 3544 id
469 3478 598 3564 quidem
625 3478 799 3543 maximum
824 3476 904 3566 est),
935 3500 1047 3551 verum
1077 3480 1180 3545 etiam
