2430 3990
427 180 474 250 lv,
492 182 526 237 v.
554 187 569 248 s
587 189 700 238 rr-es.
1001 181 1065 246 207

55 341 230 427 profiteris,
250 362 334 425 quos
358 341 447 426 leges
472 342 567 406 exilio
591 343 685 408 adfici
705 333 833 426 volunt,
851 343 960 406 exules
980 345 1065 426 sunt,

57 429 188 494 etiamsi
207 430 313 493 solum
331 451 398 494 non
416 433 591 495 mutarunt.
624 430 685 515 An,
704 452 776 495 oum
796 450 907 494 omnes
926 434 960 494 te
973 429 1080 514 leges.

56 517 184 582 exulem
214 539 284 582 esse
311 517 475 582 iubeant.
500 566 537 582 ..
562 516 615 600 .†
643 518 786 602 appellet
815 517 977 600 inimicus,
1010 517 1065 601 qui

55 626 130 670 cum
154 605 219 669 telo
244 604 363 669 fuerit?
405 604 492 669 Ante
515 608 663 670 senatum
686 609 744 670 tua
771 604 838 670 sica
866 604 1065 689 deprehensa

56 696 116 757 est
154 691 215 767 Qui
237 692 402 757 hominem
424 692 598 758 occiderit?
634 693 796 758 Plurimos
816 692 970 758 occidisti.
1004 691 1065 767 Qui

54 780 238 845 incendium
261 780 395 846 fecerit?
440 781 540 846 Aedis
563 780 789 866 Nympharum
812 803 911 846 manu
934 785 991 844 tua
1014 780 1064 844 de-

55 868 218 953 flagravit.
263 867 326 944 Qui
357 870 480 953 templa
512 868 739 954 occupaverit?
783 867 823 932 In
853 868 925 933 foro
958 871 1026 933 cast
1028 890 1065 932 ra

55 956 226 1041 posuisti.
242 953 304 1020 Sed
328 956 405 1040 qnid
428 978 487 1042 ego
509 979 694 1022 communes
718 958 807 1042 leges
830 954 974 1040 profero,
998 956 1065 1039 qni·
1084 972 1117 1021 32

55 1044 118 1107 bus
146 1044 295 1108 omnibus
329 1066 363 1108 es
396 1044 490 1109 exul?
535 1044 821 1109 Familiarissimus
854 1047 929 1108 tuus
963 1043 1001 1107 de
1032 1047 1065 1107 te

57 1131 265 1217 privilegium
279 1132 366 1211 tulit,
388 1136 434 1217 ut,
458 1132 485 1196 si
507 1132 543 1196 in
562 1136 723 1217 opertum
728 1133 838 1196 Bonae
857 1130 943 1195 Deae
963 1152 1066 1196 acces·

58 1219 167 1304 sisses,
190 1220 345 1284 exulares.
382 1219 429 1283 At
452 1223 484 1283 te
507 1220 541 1284 id
562 1221 676 1285 fecisse
700 1221 798 1285 etiam
817 1219 952 1304 gloriari
971 1219 1065 1284 soles.

58 1304 128 1381 Quo
152 1308 247 1373 modo
267 1307 372 1392 igitur
390 1311 441 1372 tot
459 1309 586 1392 legibus
606 1309 725 1373 eiectus
745 1309 779 1372 in
798 1307 929 1372 exilium
947 1329 1066 1372 nomen

58 1394 161 1459 exulis
188 1417 254 1460 non
281 1395 521 1480 perhorrescis?
567 1395 705 1461 ‘Romae
733 1395 831 1474 sum’,
862 1395 976 1478 inquit
1020 1394 1066 1458 nt

58 1481 220 1582 quidem
210 1505 246 1546 m
268 1486 381 1569 ‹rttrper
363 1483 502 1558 oluisti
538 1484 693 1550 Non't
632 1485 693 1570 igit
695 1507 742 1568 ur,
758 1484 821 1547 ubi
841 1484 976 1567 quisque
995 1483 1066 1566 erit,

10 1576 16 1614 ι
58 1570 127 1634 eius
156 1570 261 1634 loci'
251 1593 301 1635 rns
335 1571 472 1654 tenebit,
506 1571 533 1660 si
564 1572 611 1635 ibi
643 1594 715 1636 eum
747 1572 875 1656 legibus
904 1592 973 1635 esse
1001 1592 1067 1679 non

59 1657 235 1742 oportebit.
318 1722 321 1730 ,

323 1816 683 1933 ,ιιιιιιιοιιοιι
705 1866 743 1933 v

10 2014 21 2052 3
138 1967 213 2123 0τὲ
240 1968 343 2123 ppvoe
370 1966 389 2037 ὁ
417 1967 524 2055 σοφὸς
556 1968 732 2056 ἐλεύθερος
763 1969 818 2034 και
849 1974 913 2092 ιιᾶς
946 1969 1066 2058 ἄφρων

215 2083 256 2124 ου
278 2083 315 2136 ος

124 2181 290 2246 Laudetur
312 2203 388 2247 vero
410 2180 464 2245 hic
486 2181 664 2266 imperator
686 2184 744 2245 aut
767 2179 866 2245 etiam
884 2183 1066 2267 appelletur
1085 2163 1118 2288 ὲ,

61 2273 117 2334 aut
142 2269 205 2336 hoc
231 2269 361 2335 nomine
390 2269 506 2355 dignus
533 2272 626 2352 putet
578 2269 678 2344 tetur!
716 2267 907 2344 Quomodo
936 2274 993 2334 aut
1016 2271 1067 2335 cui

60 2358 191 2423 tandem
208 2357 262 2423 hic
280 2357 383 2422 libero
401 2355 584 2441 imperabit
604 2356 658 2441 qui
676 2377 742 2421 non
756 2361 866 2441 potest
885 2358 1067 2443 cupiditati·

58 2446 119 2512 bus
134 2445 201 2510 suis
215 2445 398 2531 imperare?
429 2407 584 2510 Refrenei
595 2445 736 2529 primum
755 2445 914 2530 libidines,
934 2451 1066 2531 spernat
1147 2462 1151 2468 ’

58 2534 256 2634 uoluptates,
273 2532 502 2599 iracundiamt
487 2536 605 2616 tt,enea
615 2537 782 2598 ιοὲιιθιι
787 2535 966 2619 avaritiam,
985 2539 1066 2599 cete-

58 2643 113 2687 ras
138 2620 351 2688 animilabes
375 2582 622 2705 repellat,turi1
644 2620 778 2704 incipiat
801 2622 943 2687 aliisim
898 2644 1067 2707 rmperare,

58 2732 133 2775 eum
156 2709 226 2792 ipse
247 2708 498 2795 improbissimis
521 2707 672 2792 dominis,
700 2708 846 2773 dedecori
869 2732 906 2775 ac
929 2711 1066 2796 turpitu·
1120 2739 1123 2746 ·

30 2796 141 2879 dini,
168 2817 295 2897 parere
308 2796 453 2880 desierit,
426 2796 557 2861 tdum
580 2795 709 2879 quidem
731 2796 782 2860 his
813 2797 974 2881 oboediet,
1001 2820 1067 2863 non

40 2846 156 2953 modo
179 2883 365 2970 imperator,
389 2884 445 2949 sed
467 2884 564 2951 liber
572 2884 739 2948 habendus
763 2885 893 2949 omnino
912 2908 978 2950 non
996 2886 1067 2951 erit.

57 2972 229 3038 Praeclare
248 2973 334 3037 enim
352 2976 403 3038 cst
420 2969 481 3061 hoc
504 2976 695 3057 usurpatum
714 2994 734 3036 a
756 2972 952 3036 doctissimis
975 2971 1067 3057 (quo-

58 3083 133 3126 rum
157 3081 217 3145 ego
241 3059 435 3126 auctoritate
457 3081 524 3125 non
545 3063 662 3143 uterer,
685 3059 713 3124 si
736 3059 817 3123 mihi
836 3061 921 3145 apud
940 3060 1067 3144 aliquos

59 3151 206 3234 agrestes
234 3147 314 3213 haec
340 3147 490 3213 habenda
518 3150 603 3212 esset
631 3110 751 3231 oiatio;
781 3170 854 3213 cum
880 3169 957 3212 vero
982 3149 1109 3248 apud

57 3235 329 3322 prudentissimos
353 3235 477 3320 loquar,
501 3236 616 3319 quibus
639 3236 719 3300 haec
741 3235 867 3301 ineudit
869 3258 888 3300 e
908 3257 974 3301 non
993 3236 1067 3319 sint,

10 3272 19 3413 ι
58 3345 136 3391 eur
144 3345 205 3409 ego
232 3323 383 3389 simulem
410 3345 475 3409 me,
507 3323 536 3388 si
564 3324 676 3408 quid'
667 3347 702 3387 ιιι
727 3324 779 3388 his
807 3324 922 3389 studiis
951 3330 1067 3424 operae

57 3411 234 3513 posuerim,
256 3372 475 3513 perdidisset)
494 3410 559 3476 diet
545 3414 615 3475 tum
638 3411 719 3476 est
710 3412 772 3497 igit
773 3434 811 3477 ur
758 3413 871 3477 tab
891 3411 1005 3476 erudit'
981 3412 1066 3475 tissi·

55 3500 121 3567 mis
140 3499 219 3565 uiris
238 3500 303 3564 nisi
321 3499 500 3585 sapientem
523 3499 662 3564 liberum
685 3520 755 3565 esse
777 3500 947 3565 neminem.
984 3498 1066 3576 Quid
1086 3515 1123 3589 ³4,
