2430 3990
161 159 225 223 206
564 153 763 210 PARADOXA

59 389 62 394 ,
161 316 392 383 coniurationis
410 339 431 381 a
444 314 605 381 Catilinae
623 315 716 380 furiis
732 315 773 379 ad
786 319 878 380 tuum
894 315 998 380 scelus
1012 316 1167 382 furorem·

109 422 142 472 ‘28
162 428 224 490 que
252 425 438 488 conversae,
465 426 531 468 non
558 404 672 469 civitas
704 407 782 467 erat.
827 402 941 486 Itaque
968 405 1082 488 pulsus
1106 426 1166 490 ego

161 494 292 559 civitate
314 512 381 558 non
403 514 488 576 sum,
512 514 593 574 quae
614 492 706 555 nulla
729 495 815 575 erat,
838 491 1010 557 accersitus
1034 490 1069 555 in
1092 493 1167 561 ciri·

160 586 262 646 tatem
286 603 372 664 sum,
395 601 469 646 cum
491 583 578 645 esset
599 579 634 643 in
656 602 691 644 re
714 579 845 664 publica
867 579 994 663 consul,
1016 580 1073 663 qui
1096 583 1166 645 tum

159 669 267 733 nullus
290 667 409 750 fuerat,
434 671 519 731 esset
542 671 687 751 senatus,
711 668 766 751 qui
789 671 859 732 tum
882 667 1057 749 occiderat,
1080 673 1167 732 esset
1190 683 1201 725 Β

158 752 332 822 consensus
355 755 468 840 populi
491 754 582 839 liber,
605 758 691 819 esset
713 754 793 818 iuris
817 758 849 819 et
872 754 1061 839 aequitatis,
1084 754 1186 840 quae'

160 845 267 909 vincla
285 846 361 908 sunt
379 843 530 924 civitatis,
548 843 688 928 repetita
706 842 869 907 memoria.
901 842 950 907 Ac
968 843 1050 928 vide,
1069 865 1168 927 quam

160 933 224 996 ista
251 931 300 996 tui
326 931 489 996 latrocinii
517 931 584 994 tela
611 930 868 1013 contempserim.
913 930 1038 995 Iactam
1065 935 1099 995 et
1121 931 1167 996 in·

161 1020 295 1085 missam
322 1023 402 1107 ate
428 1017 586 1099 nefariam
612 1018 649 1082 in
675 1039 726 1082 me
753 1018 1054 1103 iniuriamsemper
1081 1019 1188 1105 duxi,-

160 1108 344 1194 pervenisse
372 1107 412 1171 ad
439 1128 491 1171 ma
517 1128 693 1189 numquam
720 1106 846 1191 putavi,
876 1105 941 1171 nisi
966 1105 1066 1186 forte,
1094 1129 1166 1172 cum
1180 1124 1202 1165 1⁰

160 1196 300 1281 parietes
328 1195 536 1259 disturbabas
564 1200 620 1258 aut
647 1215 720 1258 cum
747 1193 843 1259 tectis
873 1195 1047 1259 sceleratas
1078 1194 1166 1261 faces

160 1283 336 1366 inferebas,
364 1304 509 1346 meorum
537 1282 659 1365 aliquid
677 1285 779 1346 ‘ruere
802 1285 859 1346 aut
882 1282 1059 1368 deflagrare
1083 1284 1167 1349 arbi·
1203 1344 1208 1354 .

108 1389 141 1438 aa
161 1371 301 1435 trabara.
346 1368 438 1434 Nihil
462 1390 569 1453 neque
596 1391 703 1434 meum
731 1373 780 1433 est
807 1390 911 1452 noque
942 1370 1166 1455 quoiusquam,

162 1458 247 1542 quod
270 1456 398 1544 auferri,
422 1457 508 1541 quod
531 1457 620 1542 eripi,
644 1458 729 1540 quod
750 1457 859 1521 amitti
876 1460 995 1541 potest.
1009 1456 1015 1465 “
1031 1455 1067 1523 Si
1084 1460 1167 1524 mihi

161 1546 333 1631 eripuisses
357 1545 499 1610 divinam
522 1545 622 1610 animi
638 1543 706 1610 'mei
724 1545 953 1631 conscientiam
971 1545 1052 1611 meis
1071 1547 1167 1632 curis,
1179 1561 1202 1604 ¹⁶

160 1634 296 1719 vigiliis,
328 1634 471 1698 consiliis
499 1637 587 1698 stare
614 1637 647 1698 te
674 1633 869 1698 invitissimo
896 1655 965 1697 rem
991 1633 1166 1719 publicam,

161 1722 190 1786 si
211 1721 307 1785 huius
331 1723 454 1788 aeterni
477 1720 624 1786 beneficii
645 1720 853 1786 inm0rtalem
876 1720 1065 1786 memoriam
1083 1723 1166 1787 dele

160 1809 276 1892 visses,
309 1809 411 1888 multo
440 1809 539 1873 etiam
571 1808 690 1894 magis,
723 1809 750 1872 si
777 1809 868 1872 illam
896 1812 1050 1893 mentem,
1081 1811 1166 1875 unde

160 1897 240 1962 haec
263 1897 398 1962 consilia
420 1900 602 1981 manarunt,
625 1896 706 1960 mihi
729 1895 915 1980 eripuisses,
938 1900 1008 1960 tum
1031 1917 1093 1982 ego
1117 1920 1166 1963 ac·

160 1985 283 2070 cepisse
306 2006 357 2048 me
377 1985 547 2050 confiterer
564 1984 725 2048 iniuriam.
757 1981 820 2047 Sed
838 1984 867 2048 si
884 1984 964 2049 haec
981 2005 1040 2050 nec
1057 1984 1165 2050 fecisti
1178 2001 1200 2042 2⁰

160 2094 218 2138 nec
245 2073 350 2137 facere
377 2073 528 2156 potuisti,
559 2072 699 2136 reditum
731 2070 811 2135 mihi
842 2071 1019 2156 gloriosum
1046 2072 1166 2138 iniuria

160 2166 218 2225 tua
237 2161 332 2244 dedit,
355 2180 421 2224 non
439 2160 560 2224 exitum
579 2159 813 2225 calamitosum.
849 2159 939 2245 Ergo
958 2181 1018 2245 ego
1038 2181 1165 2245 semper

160 2248 253 2331 civis,
286 2251 318 2312 et
346 2251 416 2312 tum
443 2249 595 2331 maxime,
626 2270 699 2313 cum
731 2268 836 2311 meam
866 2248 1004 2311 salutem
1032 2253 1164 2313 senatus

161 2335 279 2400 exteris
306 2334 492 2401 nationibus
519 2341 555 2400 ot
581 2334 660 2401 civis
688 2335 814 2419 optumi
840 2335 1102 2420 commendabat,
1129 2341 1165 2401 tu

159 2445 200 2487 ne
222 2444 307 2487 nuno
330 2422 472 2506 quidem,
501 2422 565 2486 nisi
591 2423 675 2487 forte
697 2422 783 2487 idem
806 2422 911 2487 hostis
934 2444 1004 2487 csse
1027 2427 1062 2488 et
1085 2423 1197 2490 civica

160 2514 278 2595 potest.
323 2509 377 2574 An
399 2514 436 2574 tu
458 2511 560 2576 civem
588 2511 629 2575 ab
656 2511 751 2576 hoste
777 2513 895 2575 natura
922 2531 959 2575 ao
986 2511 1072 2595 loco,
1099 2533 1165 2578 non

120 2582 269 2663 2anim0
296 2597 455 2681 factisque
483 2598 677 2684 distinguis?
723 2596 861 2662 Caedem
887 2597 1021 2663 infore
1048 2598 1164 2684 fecisti,

107 2656 141 2704 ⁸⁰
161 2685 295 2750 armatis
313 2686 496 2750 latronibus
516 2686 640 2770 templa
657 2686 800 2768 tenuisti,
822 2685 1164 2770 privatorumdomos,
1186 2698 1195 2721 ·

161 2774 255 2839 aedes
278 2795 386 2838 sacras
412 2773 592 2839 incendisti.
637 2771 703 2839 Our
725 2772 830 2837 hostis
854 2771 1043 2858 Spartacus,
1072 2775 1106 2840 si
1129 2779 1164 2839 tu

160 2861 260 2927 civis?
305 2861 403 2926 Potes
427 2866 536 2926 autem
559 2882 628 2926 esse
650 2865 688 2926 tu
711 2860 804 2943 ciem,
831 2865 965 2946 propter
988 2864 1086 2945 quent
1109 2863 1197 2928 ali-⁸⁰

161 2949 287 3034 quando
311 2949 425 3015 civitae
448 2971 514 3015 non
535 2948 623 3014 fuit?
647 2952 679 3013 et
702 2951 832 3013 metuo
855 2949 985 3013 nomine
1008 2950 1165 3034 appellas,

160 3060 233 3103 cum
243 3059 353 3102 omnes
364 3058 435 3102 meo
450 3037 592 3102 discessu
607 3036 753 3101 exulasse
766 3057 835 3100 rem
848 3035 1013 3121 publicam
1026 3037 1165 3122 putent?

159 3125 394 3210 Numquamne,
412 3124 510 3190 homo
525 3123 752 3208 amentissime,
766 3128 799 3188 te
814 3123 1059 3209 circumspicies,
1075 3147 1167 3205 nume

160 3236 265 3298 quam,
288 3235 345 3278 nec
365 3212 442 3296 quid
459 3211 570 3296 facias,
591 3212 818 3296 considerabis,
836 3233 896 3288 neo
914 3211 992 3296 quid
1009 3210 1165 3297 loquare?

158 3300 272 3367 Nescis
291 3301 423 3366 exilium
442 3301 599 3366 scelerum
617 3321 687 3364 esse
707 3320 853 3385 poenam,
877 3322 984 3364 meum
1001 3299 1086 3366 illud
1104 3302 1165 3366 iter
1177 3312 1200 3357 ⁸⁵

160 3389 201 3454 ob
228 3387 504 3474 praeclarissimas
533 3409 583 3452 res
613 3385 706 3452 ame
730 3390 840 3473 gestas
864 3408 934 3453 esse
958 3388 1166 3474 susceptum?

107 3493 139 3542 31
160 3476 278 3542 Omnes
298 3476 446 3541 scelerati
464 3480 562 3559 atque
580 3475 681 3559 impii,
701 3496 838 3559 quorum
856 3480 893 3540 tu
911 3479 945 3546 to
963 3476 1079 3542 ducem
1098 3498 1167 3543 esse
