2430 3990
398 160 474 217 cAP.
495 167 607 217 ae-ae.
640 167 786 227 §eo-oe.
1031 163 1093 226 193

86 341 237 387 severum
259 324 292 385 et
315 341 456 406 gravem.
489 321 612 397 Quibus
630 322 798 387 blanditiis
818 321 852 407 (Ξ
869 322 1017 408 Papirius
1036 346 1092 388 nu·
1112 341 1149 389 ao

85 430 144 493 per
166 408 324 472 influebat
346 409 381 472 in
404 411 492 474 auria
515 411 683 494 contionis,
707 433 779 475 cunr
801 409 906 475 ferret
925 412 1030 496 legem
1055 412 1093 476 de

85 495 228 573 tribunis
251 496 356 581 plebia
379 498 571 563 reficiendis!
594 497 816 563 Dissuasimus
839 519 912 582 nos3
936 499 992 562 sed
1010 499 1092 563 nihil

86 584 126 648 de
150 605 212 666 me,
235 585 273 648 do
296 582 445 668 Scipione
468 586 573 650 dicam
596 587 768 651 lubentius.
814 585 942 661 Quanta
965 587 1036 670 illa,
1060 587 1093 651 di

61 672 292 754 rinmortales,
314 671 377 737 fuit
391 673 550 757 gravitas,
565 678 686 757 quanta
703 674 738 738 in
756 674 902 739 oratione
922 674 1091 739 maiestas!

85 763 124 824 ut
145 758 243 825 facile
266 759 377 824 ducem
400 761 512 845 populi
536 761 683 845 Romani,
706 783 770 826 non
792 761 942 827 comitem
962 763 1091 827 diceres.

40 928 42 933 Ι
85 844 151 912 Sed
178 847 344 929 admistio,
376 852 409 912 et
436 852 486 913 est
515 848 549 913 in
576 851 725 914 manibus
745 851 858 915 oratio.
904 850 1018 933 ltaque
1041 851 1092 914 lex

85 935 256 1021 popularis
279 935 443 1020 suffragiis
474 936 587 1020 populi
610 937 778 1022 repudiata
802 942 861 1002 est.
906 938 1028 1021 Atque,
1055 942 1093 1002 ut

86 1023 129 1088 ad
152 1044 204 1087 me
227 1023 364 1106 redeam,
387 1024 590 1106 meministis,
613 1025 649 1100 Q.
664 1025 824 1107 Maxume,
846 1025 948 1090 fratre
972 1023 1091 1109 Scipio·

50 1111 149 1194 unis,
169 1114 204 1175 et
226 1109 261 1174 L.
284 1111 433 1176 Mancino
456 1113 643 1177 consulibus
666 1135 763 1196 quam
786 1113 952 1201 popularis
977 1113 1029 1177 lex
1053 1114 1092 1178 de

85 1198 278 1263 sacerdotiis
301 1197 336 1264 C.
361 1199 464 1265 Licini
483 1198 593 1265 Crassi
611 1201 794 1265 videbatur!
822 1201 986 1284 cooptatio
1006 1202 1091 1265 enim

85 1286 298 1372 collegiorum
314 1287 353 1361 ad
370 1287 481 1371 populi
499 1288 688 1353 beneficium
705 1288 975 1374 transferebatur,
994 1293 1091 1372 atque

85 1375 115 1439 ia
139 1373 263 1458 primus
287 1374 429 1439 instituit
448 1375 482 1439 in
499 1375 605 1440 forum
624 1398 735 1441 versus
755 1398 850 1461 agere
869 1399 942 1441 cum
960 1379 1090 1462 populo.

84 1461 211 1526 Tamen
232 1461 320 1526 illius
343 1461 537 1528 vendibilem
562 1464 742 1529 orationem
761 1464 875 1549 religio
894 1464 1027 1529 deorum
1045 1465 1090 1529 in·

51 1575 72 1616 u
85 1549 276 1615 mortalium
298 1551 392 1615 nobis
416 1551 659 1616 defendentibus
677 1550 772 1616 facile
791 1551 949 1616 vincebat.
970 1552 1091 1635 ¹Atque

83 1638 119 1702 id
144 1641 252 1702 actum
280 1642 329 1702 est
361 1643 510 1721 praetore
538 1660 589 1703 me
622 1639 839 1723 quinquennio
872 1643 960 1724 ante,
993 1662 1090 1724 quam

84 1726 199 1791 consul
223 1747 293 1789 sum
317 1726 435 1808 faetus,
457 1727 506 1790 ita
529 1748 562 1790 re
585 1727 690 1811 magis
714 1749 811 1811 quam
835 1749 961 1791 summa
984 1733 1091 1793 aucto-

83 1814 185 1877 ritate
208 1835 305 1878 causa
328 1814 387 1877 illa
409 1813 540 1879 defensa
563 1819 622 1879 est.

154 1898 275 1975 Quodsi
298 1902 331 1965 in
354 1923 478 1984 scaena,
500 1902 534 1965 id
552 1906 603 1966 est
624 1902 658 1966 in
679 1903 837 1987 contione,
859 1902 894 1967 in
912 1925 976 1986 qua
995 1905 1090 1968 rebus
1100 1864 1143 1988 292

49 1989 173 2054 ufictia
196 1993 229 2053 et
252 1988 451 2053 adumbratis
474 1989 538 2054 loci
560 1990 735 2075 plurimum
757 1993 822 2072 est,
845 1995 956 2054 tamen
978 2013 1090 2055 verum

85 2077 185 2159 valet,
208 2076 236 2140 si
259 2077 354 2141 modo
378 2077 410 2140 id
428 2077 628 2161 patefactum
651 2081 684 2141 et
706 2077 916 2141 inlustratum
936 2081 995 2162 est,
1014 2079 1090 2162 quid

85 2165 120 2229 in
144 2163 288 2228 amicitia
310 2164 380 2228 fieri
403 2168 541 2249 oportet,
565 2186 646 2247 quae
669 2169 741 2229 tota
764 2166 900 2229 veritate
925 2165 1090 2250 perpendi-

85 2251 163 2316 tur?
196 2251 230 2315 in
252 2273 317 2335 qua
331 2252 415 2334 nisi,
442 2257 479 2316 ut
506 2252 635 2329 dicitur,
668 2257 816 2340 apertum
843 2257 954 2337 pectus
981 2253 1091 2318 videas

87 2344 243 2423 tuumque
266 2340 431 2421 ostendas,
457 2339 540 2404 nihil
562 2341 675 2420 fidum,
704 2340 787 2404 nihil
810 2341 1012 2425 exploratum
1036 2340 1091 2406 ha·

50 2450 73 2491 n
87 2428 175 2510 beas,
196 2448 237 2490 ne
260 2449 369 2492 amare
393 2428 520 2510 quidem
544 2432 601 2493 aut
619 2428 731 2512 amari,
750 2451 831 2513 cum,
849 2429 882 2492 id
901 2451 997 2513 quarn
1017 2451 1091 2494 vere

86 2515 155 2597 liat,
176 2514 316 2600 ignores.
346 2513 548 2598 Quamquam
565 2516 630 2581 ista
645 2516 837 2600 adsentatio,
860 2517 1007 2600 quamvis
1022 2512 1091 2601 per'-

85 2602 210 2667 niciosa
237 2602 295 2680 sit,
326 2624 441 2667 nocere
468 2607 579 2667 tamen
603 2604 724 2668 nemini
747 2608 857 2689 potest
882 2604 946 2668 nisi
970 2605 1012 2687 ei,
1037 2604 1091 2689 qui

86 2712 159 2756 eam
182 2690 297 2775 recipit
320 2694 417 2773 atque
440 2712 478 2755 ea
501 2691 686 2756 delectatur.
722 2691 775 2756 Ita
797 2692 847 2776 fit,
870 2696 907 2757 ut
929 2692 957 2757 is
981 2693 1092 2757 adsen-

85 2777 250 2842 tatoribus
273 2778 449 2863 patefaciat
472 2800 565 2843 aures
589 2801 663 2843 suas
686 2779 833 2857 maxime,
858 2779 912 2862 qui
935 2781 1005 2864 ipso
1028 2780 1091 2845 sibi

62 2866 275 2931 aadsentetur
302 2870 336 2929 et
363 2887 397 2929 se
424 2866 563 2951 maxime
585 2867 655 2950 ipsc
684 2866 828 2932 delectet.
874 2866 1012 2932 Omnino
1041 2871 1091 2932 est
1110 2884 1145 2931 98

87 2974 201 3018 amana
226 2953 275 3016 sui
298 2953 415 3036 virtus,
438 2956 569 3036 optume
593 2954 678 3017 enim
702 2975 736 3018 se
758 2954 830 3038 ipsa
852 2954 958 3038 novit,
981 2977 1091 3038 quam-

87 3063 150 3125 quo
174 3041 324 3105 amabilis
348 3041 404 3122 sit,
431 3040 602 3124 intellegit.
646 3039 718 3125 Ego
747 3045 856 3105 autem
879 3062 944 3105 non
968 3042 1007 3106 de
1030 3043 1092 3105 vir·

86 3132 158 3193 tute
180 3149 264 3192 nunc
293 3128 423 3211 loquor,
451 3127 506 3191 sed
533 3128 571 3190 de
598 3127 729 3192 virtutis
758 3129 916 3213 opinione.
962 3127 1092 3193 Virtute

87 3215 173 3281 enim
196 3215 269 3298 ipsa
291 3237 356 3280 non
379 3219 447 3278 tam
476 3215 570 3277 multi
598 3216 737 3297 praediti
767 3238 836 3281 esse
867 3239 962 3300 quam
991 3218 1092 3282 videri

53 3303 212 3368 recolunt.
244 3302 313 3367 Hos
337 3302 476 3366 delectat
499 3302 690 3386 adsentatio,
713 3304 764 3368 his
783 3305 877 3369 fictus
893 3305 933 3369 ad
947 3306 1092 3391 ipsorum

67 3390 289 3456 ‘voluntatem
314 3411 419 3453 sermo
438 3412 510 3454 cum
529 3389 708 3472 adhibetur,
732 3392 912 3467 orationem
930 3394 1020 3458 illam
1040 3416 1093 3457 va·

84 3499 164 3542 nam
187 3477 410 3541 testimonium
434 3498 503 3541 esse
526 3477 656 3540 laudum
681 3499 810 3542 suarum
831 3485 956 3563 putant.
992 3479 1093 3544 Nulla

141 3587 250 3629 cro.1v.
265 3587 285 3628 a
851 3590 880 3633 ra
