2430 3990
390 183 598 236 chari-16.
635 186 781 247 ιιι-ιι.
1029 179 1088 244 181

81 342 289 409 tolerabilius
320 342 391 407 fieri
422 345 540 426 potest.
589 339 698 425 Atque
729 342 791 407 hoc
824 342 951 424 quidem
984 341 1091 406 videre

83 434 175 516 licet,
203 452 272 514 eos,
302 431 357 514 qui
380 453 421 494 an
423 434 476 495 tea
423 430 674 495 tcommodis
697 429 819 494 fuerint
846 430 1040 514 moribus,
1032 452 1092 493 rm-

82 521 185 622 perio,
207 522 383 619 potestate,
401 519 569 668 prosperis
593 519 721 582 rebus
712 541 800 582 mmu
802 518 893 598 tari[‚
917 517 1025 602 sperni
1049 517 1090 580 ab

82 607 124 673 ιιι
157 610 283 673 veteres
315 606 425 671 amicit
426 607 488 688 iae,
520 606 680 690 indulgeri
708 606 824 686 novis}
869 604 953 680 Quid
983 609 1143 670 autemut

60 695 219 761 *stultius
238 717 343 779 quam,
362 716 435 760 eum
455 657 630 778 plurimum
649 694 759 779 copiiS,
781 694 902 759 faculta
869 694 1001 777 ιιιιιιιι,
1025 694 1092 793 opi-

82 784 145 849 bus
176 784 320 868 possint,
350 786 457 848 cetera
488 804 617 866 parare,
649 804 730 865 quae
761 784 918 866 parantur
948 783 1091 866 pecunia,

42 918 44 925 .
84 892 195 957 equos,
216 871 366 954 famulos,
389 872 513 935 vestem
536 870 715 955 egregiam,
738 891 816 934 vasa
838 871 990 955 pretiosa,
1014 872 1091 934 ami-

42 1002 44 1057 ,
83 981 139 1026 cos
161 981 228 1024 non
249 981 379 1044 parare,
407 962 574 1042 optumam
598 962 630 1021 et
653 958 904 1042 pulcherrimam
927 958 1027 1035 ritae,
1055 961 1092 1021 ut

42 1070 44 1119 5
84 1048 133 1113 ita
155 1047 272 1125 dicam,
300 1047 557 1130 supellectilem?
588 1047 706 1110 etenim
735 1049 841 1110 cetera
869 1068 941 1111 oum
964 1049 1091 1130 parant,

42 1152 75 1203 .1⁰
86 1135 137 1202 oui
158 1138 288 1220 parent,
315 1135 476 1217 nesciunt,
504 1156 563 1199 nec
591 1134 679 1198 euius
707 1155 803 1199 causa
830 1134 980 1198 laborent
1007 1130 1091 1218 (eius

42 1234 44 1243 '
85 1224 172 1289 enim
195 1227 245 1287 est
263 1224 400 1288 istorum
424 1222 571 1306 quidque,
595 1222 649 1305 qui
669 1221 746 1286 vicit
764 1218 912 1307 viribus),
936 1222 1092 1286 amicitia·

85 1334 157 1377 rum
181 1332 240 1376 sua
262 1311 375 1394 cuique
398 1314 566 1394 permanet
592 1310 720 1374 stabilis
744 1315 776 1375 et
799 1314 888 1376 certa
914 1311 1092 1394 possessio,

85 1404 135 1478 ut,
163 1398 292 1463 etiamsi
314 1398 372 1463 illa
394 1401 560 1481 maneant,
588 1421 668 1482 quae
693 1403 768 1462 sunt
792 1400 884 1483 quasi
908 1398 992 1463 dona
1014 1397 1091 1463 For-

85 1449 198 1571 tuirae,
225 1490 336 1552 tamen
357 1487 426 1551 vita
453 1487 576 1552 inculta
603 1490 636 1550 et
663 1487 789 1551 deserta
818 1488 859 1551 ab
887 1487 999 1551 amieis
1026 1508 1093 1550 ιιοιι

56 1575 191 1661 spossit
214 1596 283 1639 esse
306 1574 453 1640 iucunda.
499 1572 561 1638 Sed
583 1575 662 1638 haec
685 1575 850 1639 hactenus

153 1660 265 1727 Consti
267 1663 377 1726 tuendi
396 1665 503 1727 autem
523 1666 608 1747 sunt,
631 1663 686 1746 qui
705 1663 770 1726 sint
793 1663 826 1726 in
845 1663 955 1728 amicit
957 1663 988 1728 ia
941 1663 1089 1727 fitnes
1103 1641 1144 1768 15}

86 1755 118 1816 et
142 1751 235 1834 quasi
259 1750 388 1815 termini
412 1751 575 1835 diligendi
612 1750 660 1814 De
684 1751 838 1833 quibust
841 1773 891 1815 res
910 1752 1003 1817 rideo
1023 1774 1091 1816 sen-

85 1839 206 1904 tentias
229 1838 319 1922 ferri,
344 1860 479 1921 quarum
502 1840 625 1903 nnllam
647 1840 765 1924 probo,
787 1861 898 1922 unam,
921 1844 957 1904 ut
943 1840 1091 1905 teodem

86 1926 182 1993 modo
210 1947 288 2012 erga
315 1927 453 1992 amicum
482 1926 599 1991 adfecti
627 1927 741 2009 simus,
770 1950 833 2010 quo
862 1949 939 2012 erga
963 1932 1091 1992 nosmct

56 2015 184 2100 ripsos,
208 2015 359 2098 alteram,
378 2018 418 2078 'ut
440 2018 554 2078 nostra
576 2015 609 2078 in
634 2015 753 2080 amicos
777 2015 996 2080 benivolentia
1019 2016 1090 2079 illo-

85 2124 157 2169 rum
181 2123 259 2188 erga
281 2123 341 2166 nos
365 2103 602 2167 benivolentiae
629 2103 752 2186 pariter
780 2103 1020 2185 aequaliterque
1044 2124 1090 2166 re·

85 2191 255 2276 spondeat,
288 2190 433 2274 tertiam,
464 2194 514 2272 ut,
543 2191 655 2273 quanti
683 2191 817 2274 quisque
846 2211 879 2253 se
907 2189 976 2274 ipse
1004 2189 1090 2272 facit,

85 2279 170 2344 tanti
192 2277 251 2343 fiat
274 2279 315 2342 ab
339 2279 459 2344 amicis.
495 2277 620 2343 Harum
639 2278 737 2342 trium
757 2279 989 2343 sententiarum
1008 2280 1090 2343 nulli
1109 2296 1142 2345 57

84 2387 218 2453 prorsus
241 2366 413 2431 adsentior.
454 2366 521 2432 Nee
545 2367 630 2430 enim
653 2367 711 2431 illa
733 2367 839 2451 prima
862 2389 939 2432 vera
962 2370 1019 2452 est,
1046 2373 1090 2451 ut,

53 2467 181 2540 “quem
205 2454 398 2518 admodum
423 2454 456 2518 in
480 2477 513 2519 se
537 2455 672 2538 quisque
695 2455 749 2535 sit,
773 2456 818 2521 sic
838 2456 872 2519 in
891 2455 1028 2521 amicum
1048 2457 1091 2520 sit

84 2543 257 2607 animatus.
293 2540 397 2616 Quam
416 2544 520 2607 multa
539 2543 632 2625 enim,
656 2565 737 2626 quae
754 2546 868 2608 nostra
886 2565 982 2608 causa
1000 2566 1091 2608 num-

84 2652 183 2717 quam
205 2628 393 2712 faceremus,
417 2631 550 2696 facimus
574 2653 670 2695 causa
694 2631 881 2696 amicorum!
904 2633 1028 2716 precari
1048 2634 1089 2696 ab

83 2719 234 2804 indigno,
261 2718 456 2803 supplicare,
485 2723 554 2782 tum
583 2718 728 2784 acerbius
756 2719 789 2782 in
817 2719 957 2802 aliquem
980 2721 1090 2785 invehi

82 2805 300 2889 insectarique
323 2807 558 2890 vehementius,
586 2829 667 2889 quae
694 2807 728 2869 in
756 2807 878 2871 nostris
905 2808 1001 2872 rebus
1024 2830 1090 2873 non

51 2894 164 2961 ”satis
183 2893 329 2980 honeste,
347 2895 381 2960 in
399 2896 575 2960 amicorum
595 2895 676 2959 fiunt
694 2894 935 2978 honestissime,
956 2896 1090 2960 multae·

83 3004 144 3068 que
168 3002 221 3046 res
245 2987 333 3066 sunt,
360 2983 394 3048 in
423 2985 538 3066 quihus
566 2983 605 3047 de
633 2983 699 3047 suis
728 2983 905 3048 commodis
929 2983 990 3047 viri
1012 2983 1089 3048 boni
1139 3007 1142 3017 ¹

82 3071 189 3136 multa
216 3069 391 3135 detrahunt
418 3071 607 3155 detrahique
639 3071 821 3156 patiuntur,
853 3075 890 3134 ut
921 3071 961 3134 iis
995 3071 1089 3136 amici

81 3158 193 3244 potius
217 3179 313 3241 quam
335 3158 397 3242 ipsi
415 3158 573 3223 fruantur.
609 3157 724 3223 Altera
743 3159 904 3223 sententia
927 3162 984 3242 est,
1008 3180 1089 3242 quae
1107 3175 1141 3225 58

82 3246 196 3311 definit
214 3245 391 3310 amicitiam
409 3247 544 3332 paribus
563 3246 676 3312 officiis
697 3269 733 3312 ao
752 3246 986 3312 voluntatibus.
1017 3246 1089 3313 Hoc

49 3334 212 3419 ⁸*quidem
234 3337 284 3398 est
306 3334 403 3398 nimis
427 3335 540 3419 exigue
559 3338 591 3398 et
610 3335 736 3399 exiliter
755 3336 795 3399 ad
814 3335 955 3400 calculos
973 3357 1089 3401 vocare

81 3421 273 3505 amicitiam,
300 3426 338 3486 ut
365 3445 425 3508 par
452 3423 496 3487 sit
523 3423 607 3487 ratio
636 3427 840 3506 acceptorum
869 3428 902 3488 et
929 3424 1088 3489 datorum.
1166 3454 1168 3463 ·

80 3508 224 3576 Divitior
247 3509 328 3574 mihi
351 3515 384 3576 et
407 3511 592 3575 affluentior
613 3511 828 3597 videturesse
848 3534 924 3579 vera
945 3512 1088 3577 amicitia
1131 3533 1138 3551 ¹
