<?xml version="1.0" encoding="UTF-8"?>
<!DOCTYPE html PUBLIC "-//W3C//DTD XHTML 1.0 Transitional//EN"
    "http://www.w3.org/TR/xhtml1/DTD/xhtml1-transitional.dtd">
<html xmlns="http://www.w3.org/1999/xhtml" xml:lang="en" lang="en">
 <head>
  <title>
</title>
<meta http-equiv="Content-Type" content="text/html;charset=utf-8" />
  <meta name='ocr-system' content='tesseract 3.04.00' />
  <meta name='ocr-capabilities' content='ocr_page ocr_carea ocr_par ocr_line ocrx_word'/>
</head>
<body>
  <div class='ocr_page' id='page_1' title='image "./mtulliiciceroni42cicegoog/mtulliiciceroni42cicegoog_0029.png"; bbox 0 0 2430 3990; ppageno 0'>
   <div class='ocr_carea' id='block_1_1' title="bbox 153 156 916 223">
    <p class='ocr_par' dir='ltr' id='par_1_1' title="bbox 153 156 916 223">
     <span class='ocr_line' id='line_1_1' title="bbox 153 156 916 223; baseline -0.016 0"><span class='ocrx_word' id='word_1_1' title='bbox 153 160 217 223; x_wconf 83' lang='lat'><strong>154</strong></span> <span class='ocrx_word' id='word_1_2' title='bbox 390 157 482 212; x_wconf 81' lang='lat' dir='ltr'><strong>CATO</strong></span> <span class='ocrx_word' id='word_1_3' title='bbox 498 156 620 218; x_wconf 84' lang='lat' dir='ltr'><strong>MAIOR</strong></span> <span class='ocrx_word' id='word_1_4' title='bbox 637 156 686 212; x_wconf 81' lang='lat' dir='ltr'><strong>DE</strong></span> <span class='ocrx_word' id='word_1_5' title='bbox 705 157 916 212; x_wconf 79' lang='lat' dir='ltr'>SENEOTUTE</span> 
     </span>
    </p>
   </div>
   <div class='ocr_carea' id='block_1_2' title="bbox 75 318 1207 3556">
    <p class='ocr_par' dir='ltr' id='par_1_2' title="bbox 101 318 1185 2311">
     <span class='ocr_line' id='line_1_2' title="bbox 151 318 1162 405; baseline 0 -21"><span class='ocrx_word' id='word_1_6' title='bbox 151 324 184 384; x_wconf 89' lang='lat' dir='ltr'><strong>et</strong></span> <span class='ocrx_word' id='word_1_7' title='bbox 203 318 288 405; x_wconf 91' lang='lat' dir='ltr'><strong>apud</strong></span> <span class='ocrx_word' id='word_1_8' title='bbox 305 341 365 384; x_wconf 88' lang='lat' dir='ltr'><strong>nos</strong></span> <span class='ocrx_word' id='word_1_9' title='bbox 385 323 417 383; x_wconf 87' lang='lat' dir='ltr'><strong>et</strong></span> <span class='ocrx_word' id='word_1_10' title='bbox 435 319 470 382; x_wconf 91' lang='lat' dir='ltr'><strong>in</strong></span> <span class='ocrx_word' id='word_1_11' title='bbox 491 318 564 383; x_wconf 89' lang='lat' dir='ltr'><strong>aliis</strong></span> <span class='ocrx_word' id='word_1_12' title='bbox 588 318 784 403; x_wconf 86' lang='lat' dir='ltr'><strong>civitatibus,</strong></span> <span class='ocrx_word' id='word_1_13' title='bbox 807 323 844 384; x_wconf 90' lang='lat' dir='ltr'><strong>ut</strong></span> <span class='ocrx_word' id='word_1_14' title='bbox 868 341 1012 404; x_wconf 90' lang='lat' dir='ltr'><strong>quaeque</strong></span> <span class='ocrx_word' id='word_1_15' title='bbox 1035 319 1162 403; x_wconf 86' lang='lat' dir='ltr'><strong>optime</strong></span> 
     </span>
     <span class='ocr_line' id='line_1_3' title="bbox 151 406 1162 492; baseline -0.001 -20"><span class='ocrx_word' id='word_1_16' title='bbox 151 412 279 472; x_wconf 91' lang='lat' dir='ltr'><strong>morata</strong></span> <span class='ocrx_word' id='word_1_17' title='bbox 293 411 352 491; x_wconf 89' lang='lat' dir='ltr'><strong>est,</strong></span> <span class='ocrx_word' id='word_1_18' title='bbox 369 407 418 471; x_wconf 90' lang='lat' dir='ltr'><strong>ita</strong></span> <span class='ocrx_word' id='word_1_19' title='bbox 434 406 682 492; x_wconf 74' lang='lat' dir='ltr'><strong>diligentissime</strong></span> <span class='ocrx_word' id='word_1_20' title='bbox 702 407 925 471; x_wconf 78' lang='lat' dir='ltr'><strong>observantur.</strong></span> <span class='ocrx_word' id='word_1_21' title='bbox 956 407 1162 491; x_wconf 78' lang='lat' dir='ltr'><strong>Lysandrum</strong></span> 
     </span>
     <span class='ocr_line' id='line_1_4' title="bbox 124 493 1162 579; baseline 0.001 -20"><span class='ocrx_word' id='word_1_22' title='bbox 124 509 127 513; x_wconf 84' lang='grc'><strong>’</strong></span> <span class='ocrx_word' id='word_1_23' title='bbox 150 495 453 578; x_wconf 89' lang='lat' dir='ltr'><strong>Lacedaemonium,</strong></span> <span class='ocrx_word' id='word_1_24' title='bbox 483 495 573 559; x_wconf 90' lang='lat' dir='ltr'><strong>cuius</strong></span> <span class='ocrx_word' id='word_1_25' title='bbox 600 494 695 558; x_wconf 92' lang='lat' dir='ltr'><strong>modo</strong></span> <span class='ocrx_word' id='word_1_26' title='bbox 723 493 784 559; x_wconf 91' lang='lat' dir='ltr'><strong>feci</strong></span> <span class='ocrx_word' id='word_1_27' title='bbox 812 494 1022 579; x_wconf 74' lang='lat' dir='ltr'><strong>mentionem,</strong></span> <span class='ocrx_word' id='word_1_28' title='bbox 1055 495 1162 560; x_wconf 90' lang='lat' dir='ltr'><strong>dicere</strong></span> 
     </span>
     <span class='ocr_line' id='line_1_5' title="bbox 152 581 1163 648; baseline 0 -1"><span class='ocrx_word' id='word_1_29' title='bbox 152 584 242 648; x_wconf 87' lang='lat' dir='ltr'><strong>aiunt</strong></span> <span class='ocrx_word' id='word_1_30' title='bbox 270 583 403 647; x_wconf 89' lang='lat' dir='ltr'><strong>solitum</strong></span> <span class='ocrx_word' id='word_1_31' title='bbox 425 581 699 647; x_wconf 76' lang='lat' dir='ltr'><strong>Lacedaemonem</strong></span> <span class='ocrx_word' id='word_1_32' title='bbox 722 603 792 646; x_wconf 90' lang='lat' dir='ltr'><strong>esse</strong></span> <span class='ocrx_word' id='word_1_33' title='bbox 816 581 1083 646; x_wconf 88' lang='lat' dir='ltr'><strong>honestissimum</strong></span> <span class='ocrx_word' id='word_1_34' title='bbox 1108 582 1163 647; x_wconf 80' lang='lat' dir='ltr'><strong>do</strong></span> 
     </span>
     <span class='ocr_line' id='line_1_6' title="bbox 152 668 1163 753; baseline 0 -18"><span class='ocrx_word' id='word_1_35' title='bbox 152 671 308 735; x_wconf 90' lang='lat' dir='ltr'><strong>micilium</strong></span> <span class='ocrx_word' id='word_1_36' title='bbox 336 669 525 753; x_wconf 82' lang='lat' dir='ltr'><strong>senectutis3</strong></span> <span class='ocrx_word' id='word_1_37' title='bbox 552 691 711 752; x_wconf 82' lang='lat' dir='ltr'><strong>nusquam</strong></span> <span class='ocrx_word' id='word_1_38' title='bbox 740 668 824 734; x_wconf 89' lang='lat' dir='ltr'><strong>enim</strong></span> <span class='ocrx_word' id='word_1_39' title='bbox 851 673 980 734; x_wconf 88' lang='lat' dir='ltr'><strong>tantum</strong></span> <span class='ocrx_word' id='word_1_40' title='bbox 1002 669 1163 735; x_wconf 71' lang='lat' dir='ltr'><strong>tribuitur</strong></span> 
     </span>
     <span class='ocr_line' id='line_1_7' title="bbox 153 756 1163 842; baseline 0.001 -20"><span class='ocrx_word' id='word_1_41' title='bbox 153 758 263 842; x_wconf 87' lang='lat' dir='ltr'><strong>aetati,</strong></span> <span class='ocrx_word' id='word_1_42' title='bbox 285 778 445 841; x_wconf 78' lang='lat' dir='ltr'><strong>nusquam</strong></span> <span class='ocrx_word' id='word_1_43' title='bbox 468 761 519 821; x_wconf 91' lang='lat' dir='ltr'><strong>est</strong></span> <span class='ocrx_word' id='word_1_44' title='bbox 542 761 688 821; x_wconf 86' lang='lat' dir='ltr'><strong>senectus</strong></span> <span class='ocrx_word' id='word_1_45' title='bbox 711 757 911 823; x_wconf 92' lang='lat' dir='ltr'><strong>honoratior.</strong></span> <span class='ocrx_word' id='word_1_46' title='bbox 953 756 1163 832; x_wconf 90' lang='lat' dir='ltr'><strong>Quinetiam</strong></span> 
     </span>
     <span class='ocr_line' id='line_1_8' title="bbox 151 842 1165 929; baseline 0 -20"><span class='ocrx_word' id='word_1_47' title='bbox 151 846 326 909; x_wconf 87' lang='lat' dir='ltr'><strong>memoriae</strong></span> <span class='ocrx_word' id='word_1_48' title='bbox 348 843 513 929; x_wconf 87' lang='lat' dir='ltr'><strong>proditum</strong></span> <span class='ocrx_word' id='word_1_49' title='bbox 537 847 594 928; x_wconf 90' lang='lat' dir='ltr'><strong>est,</strong></span> <span class='ocrx_word' id='word_1_50' title='bbox 618 866 690 909; x_wconf 90' lang='lat' dir='ltr'><strong>cum</strong></span> <span class='ocrx_word' id='word_1_51' title='bbox 709 842 848 909; x_wconf 82' lang='lat' dir='ltr'><strong>Athenis</strong></span> <span class='ocrx_word' id='word_1_52' title='bbox 872 845 956 909; x_wconf 90' lang='lat' dir='ltr'><strong>ludis</strong></span> <span class='ocrx_word' id='word_1_53' title='bbox 976 844 1109 928; x_wconf 85' lang='lat' dir='ltr'><strong>quidam</strong></span> <span class='ocrx_word' id='word_1_54' title='bbox 1128 846 1165 910; x_wconf 91' lang='lat' dir='ltr'><strong>in</strong></span> 
     </span>
     <span class='ocr_line' id='line_1_9' title="bbox 151 932 1164 1018; baseline 0 -21"><span class='ocrx_word' id='word_1_55' title='bbox 151 934 316 998; x_wconf 85' lang='lat' dir='ltr'><strong>theatrum</strong></span> <span class='ocrx_word' id='word_1_56' title='bbox 331 932 463 1018; x_wconf 90' lang='lat' dir='ltr'><strong>grandis</strong></span> <span class='ocrx_word' id='word_1_57' title='bbox 480 935 559 997; x_wconf 88' lang='lat' dir='ltr'><strong>natu</strong></span> <span class='ocrx_word' id='word_1_58' title='bbox 572 932 723 1016; x_wconf 88' lang='lat' dir='ltr'><strong>venisset,</strong></span> <span class='ocrx_word' id='word_1_59' title='bbox 741 953 861 1018; x_wconf 88' lang='lat' dir='ltr'><strong>magno</strong></span> <span class='ocrx_word' id='word_1_60' title='bbox 880 954 1034 997; x_wconf 89' lang='lat' dir='ltr'><strong>consessu</strong></span> <span class='ocrx_word' id='word_1_61' title='bbox 1051 933 1164 998; x_wconf 91' lang='lat' dir='ltr'><strong>locum</strong></span> 
     </span>
     <span class='ocr_line' id='line_1_10' title="bbox 150 1019 1165 1104; baseline 0 -19"><span class='ocrx_word' id='word_1_62' title='bbox 150 1043 311 1104; x_wconf 89' lang='lat' dir='ltr'><strong>nusquam</strong></span> <span class='ocrx_word' id='word_1_63' title='bbox 329 1020 359 1084; x_wconf 94' lang='lat' dir='ltr'><strong>ei</strong></span> <span class='ocrx_word' id='word_1_64' title='bbox 378 1020 489 1084; x_wconf 88' lang='lat' dir='ltr'><strong>datum</strong></span> <span class='ocrx_word' id='word_1_65' title='bbox 509 1043 528 1084; x_wconf 91' lang='lat' dir='ltr'><strong>a</strong></span> <span class='ocrx_word' id='word_1_66' title='bbox 546 1021 612 1084; x_wconf 89' lang='lat' dir='ltr'><strong>suis</strong></span> <span class='ocrx_word' id='word_1_67' title='bbox 632 1020 769 1104; x_wconf 81' lang='lat' dir='ltr'><strong>civibus3</strong></span> <span class='ocrx_word' id='word_1_68' title='bbox 787 1042 860 1084; x_wconf 87' lang='lat' dir='ltr'><strong>cum</strong></span> <span class='ocrx_word' id='word_1_69' title='bbox 879 1024 987 1085; x_wconf 90' lang='lat' dir='ltr'><strong>autem</strong></span> <span class='ocrx_word' id='word_1_70' title='bbox 1007 1019 1048 1084; x_wconf 92' lang='lat' dir='ltr'><strong>ad</strong></span> <span class='ocrx_word' id='word_1_71' title='bbox 1064 1020 1165 1087; x_wconf 89' lang='lat' dir='ltr'><strong>Lace-</strong></span> 
     </span>
     <span class='ocr_line' id='line_1_11' title="bbox 152 1107 1185 1192; baseline -0.004 -20"><span class='ocrx_word' id='word_1_72' title='bbox 152 1109 338 1173; x_wconf 88' lang='lat' dir='ltr'><strong>daemonios</strong></span> <span class='ocrx_word' id='word_1_73' title='bbox 362 1107 559 1191; x_wconf 80' lang='lat' dir='ltr'><strong>accessisset,</strong></span> <span class='ocrx_word' id='word_1_74' title='bbox 583 1108 637 1192; x_wconf 92' lang='lat' dir='ltr'><strong>qui</strong></span> <span class='ocrx_word' id='word_1_75' title='bbox 660 1107 762 1192; x_wconf 87' lang='lat' dir='ltr'><strong>legati</strong></span> <span class='ocrx_word' id='word_1_76' title='bbox 780 1129 853 1172; x_wconf 91' lang='lat' dir='ltr'><strong>cum</strong></span> <span class='ocrx_word' id='word_1_77' title='bbox 872 1111 990 1191; x_wconf 88' lang='lat' dir='ltr'><strong>essent,</strong></span> <span class='ocrx_word' id='word_1_78' title='bbox 1013 1112 1104 1173; x_wconf 87' lang='lat' dir='ltr'><strong>certo</strong></span> <span class='ocrx_word' id='word_1_79' title='bbox 1127 1109 1185 1172; x_wconf 85' lang='lat' dir='ltr'><strong>inr</strong></span> 
     </span>
     <span class='ocr_line' id='line_1_12' title="bbox 152 1195 1166 1278; baseline 0.002 -18"><span class='ocrx_word' id='word_1_80' title='bbox 152 1197 223 1262; x_wconf 90' lang='lat' dir='ltr'><strong>loco</strong></span> <span class='ocrx_word' id='word_1_81' title='bbox 247 1196 466 1278; x_wconf 86' lang='lat' dir='ltr'><strong>consederant,</strong></span> <span class='ocrx_word' id='word_1_82' title='bbox 489 1195 727 1259; x_wconf 85' lang='lat' dir='ltr'><strong>consurrexisse</strong></span> <span class='ocrx_word' id='word_1_83' title='bbox 750 1217 861 1260; x_wconf 91' lang='lat' dir='ltr'><strong>omnes</strong></span> <span class='ocrx_word' id='word_1_84' title='bbox 884 1196 935 1260; x_wconf 93' lang='lat' dir='ltr'><strong>illi</strong></span> <span class='ocrx_word' id='word_1_85' title='bbox 954 1196 1105 1261; x_wconf 88' lang='lat' dir='ltr'><strong>dicuntur</strong></span> <span class='ocrx_word' id='word_1_86' title='bbox 1130 1201 1166 1262; x_wconf 89' lang='lat' dir='ltr'><strong>et</strong></span> 
     </span>
     <span class='ocr_line' id='line_1_13' title="bbox 101 1281 1166 1365; baseline 0 -17"><span class='ocrx_word' id='word_1_87' title='bbox 101 1300 261 1348; x_wconf 75' lang='lat' dir='ltr'><strong>alsenam</strong></span> <span class='ocrx_word' id='word_1_88' title='bbox 284 1304 409 1346; x_wconf 88' lang='lat' dir='ltr'><strong>sessum</strong></span> <span class='ocrx_word' id='word_1_89' title='bbox 438 1282 604 1365; x_wconf 86' lang='lat' dir='ltr'><strong>recepisse.</strong></span> <span class='ocrx_word' id='word_1_90' title='bbox 651 1281 773 1357; x_wconf 83' lang='lat' dir='ltr'><strong>Quibus</strong></span> <span class='ocrx_word' id='word_1_91' title='bbox 801 1305 874 1348; x_wconf 91' lang='lat' dir='ltr'><strong>cum</strong></span> <span class='ocrx_word' id='word_1_92' title='bbox 898 1306 917 1348; x_wconf 89' lang='lat' dir='ltr'><strong>a</strong></span> <span class='ocrx_word' id='word_1_93' title='bbox 944 1287 1059 1348; x_wconf 88' lang='lat' dir='ltr'><strong>cuncto</strong></span> <span class='ocrx_word' id='word_1_94' title='bbox 1088 1305 1166 1349; x_wconf 90' lang='lat' dir='ltr'><strong>con·</strong></span> 
     </span>
     <span class='ocr_line' id='line_1_14' title="bbox 153 1369 1164 1454; baseline 0.002 -19"><span class='ocrx_word' id='word_1_95' title='bbox 153 1392 243 1435; x_wconf 89' lang='lat' dir='ltr'><strong>sessu</strong></span> <span class='ocrx_word' id='word_1_96' title='bbox 274 1371 407 1454; x_wconf 89' lang='lat' dir='ltr'><strong>plausus</strong></span> <span class='ocrx_word' id='word_1_97' title='bbox 441 1373 527 1433; x_wconf 87' lang='lat' dir='ltr'><strong>esset</strong></span> <span class='ocrx_word' id='word_1_98' title='bbox 558 1369 728 1453; x_wconf 82' lang='lat' dir='ltr'><strong>multiplex</strong></span> <span class='ocrx_word' id='word_1_99' title='bbox 761 1371 869 1454; x_wconf 90' lang='lat' dir='ltr'><strong>datus,</strong></span> <span class='ocrx_word' id='word_1_100' title='bbox 902 1371 1020 1436; x_wconf 83' lang='lat' dir='ltr'><strong>dixisse</strong></span> <span class='ocrx_word' id='word_1_101' title='bbox 1053 1393 1092 1435; x_wconf 92' lang='lat' dir='ltr'><strong>ex</strong></span> <span class='ocrx_word' id='word_1_102' title='bbox 1120 1373 1164 1437; x_wconf 89' lang='lat' dir='ltr'><strong>iis</strong></span> 
     </span>
     <span class='ocr_line' id='line_1_15' title="bbox 152 1456 1165 1541; baseline 0.003 -20"><span class='ocrx_word' id='word_1_103' title='bbox 152 1458 311 1541; x_wconf 87' lang='lat' dir='ltr'><strong>quendam</strong></span> <span class='ocrx_word' id='word_1_104' title='bbox 329 1456 544 1521; x_wconf 85' lang='lat' dir='ltr'><strong>Athenienses</strong></span> <span class='ocrx_word' id='word_1_105' title='bbox 565 1457 655 1539; x_wconf 91' lang='lat' dir='ltr'><strong>scire,</strong></span> <span class='ocrx_word' id='word_1_106' title='bbox 678 1478 760 1539; x_wconf 89' lang='lat' dir='ltr'><strong>quae</strong></span> <span class='ocrx_word' id='word_1_107' title='bbox 782 1461 871 1522; x_wconf 89' lang='lat' dir='ltr'><strong>recta</strong></span> <span class='ocrx_word' id='word_1_108' title='bbox 894 1463 1011 1541; x_wconf 89' lang='lat' dir='ltr'><strong>essent,</strong></span> <span class='ocrx_word' id='word_1_109' title='bbox 1035 1458 1092 1523; x_wconf 88' lang='lat' dir='ltr'><strong>sed</strong></span> <span class='ocrx_word' id='word_1_110' title='bbox 1115 1459 1165 1525; x_wconf 90' lang='lat' dir='ltr'><strong>fa-</strong></span> 
     </span>
     <span class='ocr_line' id='line_1_16' title="bbox 152 1544 1165 1631; baseline 0.002 -21"><span class='ocrx_word' id='word_1_111' title='bbox 152 1567 222 1610; x_wconf 91' lang='lat' dir='ltr'><strong>cere</strong></span> <span class='ocrx_word' id='word_1_112' title='bbox 250 1546 346 1610; x_wconf 87' lang='lat' dir='ltr'><strong>nolle.</strong></span> <span class='ocrx_word' id='word_1_113' title='bbox 391 1544 496 1610; x_wconf 92' lang='lat' dir='ltr'><strong>Multa</strong></span> <span class='ocrx_word' id='word_1_114' title='bbox 522 1544 557 1608; x_wconf 88' lang='lat' dir='ltr'><strong>in</strong></span> <span class='ocrx_word' id='word_1_115' title='bbox 583 1547 692 1609; x_wconf 85' lang='lat' dir='ltr'><strong>vestro</strong></span> <span class='ocrx_word' id='word_1_116' title='bbox 725 1545 863 1630; x_wconf 88' lang='lat' dir='ltr'><strong>collegio</strong></span> <span class='ocrx_word' id='word_1_117' title='bbox 891 1548 1070 1631; x_wconf 88' lang='lat' dir='ltr'><strong>praeclara,</strong></span> <span class='ocrx_word' id='word_1_118' title='bbox 1105 1548 1165 1613; x_wconf 91' lang='lat' dir='ltr'><strong>sed</strong></span> 
     </span>
     <span class='ocr_line' id='line_1_17' title="bbox 151 1631 1165 1717; baseline 0.003 -19"><span class='ocrx_word' id='word_1_119' title='bbox 151 1634 222 1717; x_wconf 87' lang='lat' dir='ltr'><strong>hoc,</strong></span> <span class='ocrx_word' id='word_1_120' title='bbox 241 1633 279 1698; x_wconf 90' lang='lat' dir='ltr'><strong>de</strong></span> <span class='ocrx_word' id='word_1_121' title='bbox 298 1655 361 1717; x_wconf 92' lang='lat' dir='ltr'><strong>quo</strong></span> <span class='ocrx_word' id='word_1_122' title='bbox 381 1632 517 1717; x_wconf 81' lang='lat' dir='ltr'><strong>agimus,</strong></span> <span class='ocrx_word' id='word_1_123' title='bbox 535 1631 711 1717; x_wconf 89' lang='lat' dir='ltr'><strong>inprimis,</strong></span> <span class='ocrx_word' id='word_1_124' title='bbox 730 1633 824 1717; x_wconf 91' lang='lat' dir='ltr'><strong>quod,</strong></span> <span class='ocrx_word' id='word_1_125' title='bbox 842 1637 880 1697; x_wconf 87' lang='lat' dir='ltr'><strong>ut</strong></span> <span class='ocrx_word' id='word_1_126' title='bbox 898 1634 1032 1717; x_wconf 91' lang='lat' dir='ltr'><strong>quisque</strong></span> <span class='ocrx_word' id='word_1_127' title='bbox 1052 1638 1165 1702; x_wconf 89' lang='lat' dir='ltr'><strong>aetate</strong></span> 
     </span>
     <span class='ocr_line' id='line_1_18' title="bbox 153 1719 1164 1806; baseline 0.004 -22"><span class='ocrx_word' id='word_1_128' title='bbox 153 1720 321 1804; x_wconf 88' lang='lat' dir='ltr'><strong>antecedit,</strong></span> <span class='ocrx_word' id='word_1_129' title='bbox 336 1721 383 1784; x_wconf 90' lang='lat' dir='ltr'><strong>ita</strong></span> <span class='ocrx_word' id='word_1_130' title='bbox 398 1720 576 1784; x_wconf 88' lang='lat' dir='ltr'><strong>sententiae</strong></span> <span class='ocrx_word' id='word_1_131' title='bbox 589 1719 807 1804; x_wconf 89' lang='lat' dir='ltr'><strong>principatum</strong></span> <span class='ocrx_word' id='word_1_132' title='bbox 821 1724 920 1804; x_wconf 89' lang='lat' dir='ltr'><strong>tenet,</strong></span> <span class='ocrx_word' id='word_1_133' title='bbox 933 1743 1037 1806; x_wconf 92' lang='lat' dir='ltr'><strong>neque</strong></span> <span class='ocrx_word' id='word_1_134' title='bbox 1053 1725 1164 1789; x_wconf 87' lang='lat' dir='ltr'><strong>solum</strong></span> 
     </span>
     <span class='ocr_line' id='line_1_19' title="bbox 151 1808 1163 1894; baseline 0.007 -23"><span class='ocrx_word' id='word_1_135' title='bbox 151 1809 274 1872; x_wconf 89' lang='lat' dir='ltr'><strong>honore</strong></span> <span class='ocrx_word' id='word_1_136' title='bbox 298 1808 570 1891; x_wconf 88' lang='lat' dir='ltr'><strong>antecedentibus,</strong></span> <span class='ocrx_word' id='word_1_137' title='bbox 593 1808 649 1872; x_wconf 90' lang='lat' dir='ltr'><strong>sed</strong></span> <span class='ocrx_word' id='word_1_138' title='bbox 667 1808 707 1871; x_wconf 90' lang='lat' dir='ltr'><strong>iis</strong></span> <span class='ocrx_word' id='word_1_139' title='bbox 727 1808 834 1892; x_wconf 87' lang='lat' dir='ltr'><strong>etiam,</strong></span> <span class='ocrx_word' id='word_1_140' title='bbox 858 1809 1004 1892; x_wconf 89' lang='lat' dir='ltr'><strong>quicum</strong></span> <span class='ocrx_word' id='word_1_141' title='bbox 1022 1810 1163 1894; x_wconf 92' lang='lat' dir='ltr'><strong>imperio</strong></span> 
     </span>
     <span class='ocr_line' id='line_1_20' title="bbox 153 1894 1164 1980; baseline 0.004 -21"><span class='ocrx_word' id='word_1_142' title='bbox 153 1899 237 1979; x_wconf 87' lang='lat' dir='ltr'><strong>sunt,</strong></span> <span class='ocrx_word' id='word_1_143' title='bbox 261 1895 399 1959; x_wconf 89' lang='lat' dir='ltr'><strong>maiores</strong></span> <span class='ocrx_word' id='word_1_144' title='bbox 422 1899 503 1959; x_wconf 88' lang='lat' dir='ltr'><strong>natu</strong></span> <span class='ocrx_word' id='word_1_145' title='bbox 526 1915 664 1980; x_wconf 83' lang='lat' dir='ltr'><strong>augures</strong></span> <span class='ocrx_word' id='word_1_146' title='bbox 686 1898 933 1978; x_wconf 89' lang='lat' dir='ltr'><strong>anteponuntur.</strong></span> <span class='ocrx_word' id='word_1_147' title='bbox 971 1894 1059 1971; x_wconf 90' lang='lat' dir='ltr'><strong>Quae</strong></span> <span class='ocrx_word' id='word_1_148' title='bbox 1083 1904 1164 1964; x_wconf 87' lang='lat' dir='ltr'><strong>sunt</strong></span> 
     </span>
     <span class='ocr_line' id='line_1_21' title="bbox 152 1982 1162 2069; baseline 0.002 -22"><span class='ocrx_word' id='word_1_149' title='bbox 152 1983 254 2069; x_wconf 87' lang='lat' dir='ltr'><strong>igitur</strong></span> <span class='ocrx_word' id='word_1_150' title='bbox 281 1984 466 2067; x_wconf 91' lang='lat' dir='ltr'><strong>voluptates</strong></span> <span class='ocrx_word' id='word_1_151' title='bbox 499 1982 644 2066; x_wconf 88' lang='lat' dir='ltr'><strong>corporis</strong></span> <span class='ocrx_word' id='word_1_152' title='bbox 672 2004 745 2047; x_wconf 89' lang='lat' dir='ltr'><strong>cum</strong></span> <span class='ocrx_word' id='word_1_153' title='bbox 773 1983 977 2047; x_wconf 88' lang='lat' dir='ltr'><strong>auctoritatis</strong></span> <span class='ocrx_word' id='word_1_154' title='bbox 1004 1986 1162 2067; x_wconf 90' lang='lat' dir='ltr'><strong>praemiis</strong></span> 
     </span>
     <span class='ocr_line' id='line_1_22' title="bbox 152 2070 1163 2157; baseline 0.002 -22"><span class='ocrx_word' id='word_1_155' title='bbox 152 2071 409 2157; x_wconf 81' lang='lat' dir='ltr'><strong>comparandae?</strong></span> <span class='ocrx_word' id='word_1_156' title='bbox 440 2071 555 2155; x_wconf 91' lang='lat' dir='ltr'><strong>quibus</strong></span> <span class='ocrx_word' id='word_1_157' title='bbox 579 2071 635 2154; x_wconf 93' lang='lat' dir='ltr'><strong>qui</strong></span> <span class='ocrx_word' id='word_1_158' title='bbox 658 2070 823 2154; x_wconf 90' lang='lat' dir='ltr'><strong>splendide</strong></span> <span class='ocrx_word' id='word_1_159' title='bbox 846 2070 898 2134; x_wconf 88' lang='lat' dir='ltr'><strong>usi</strong></span> <span class='ocrx_word' id='word_1_160' title='bbox 920 2074 1009 2153; x_wconf 88' lang='lat' dir='ltr'><strong>sunt,</strong></span> <span class='ocrx_word' id='word_1_161' title='bbox 1031 2070 1054 2133; x_wconf 92' lang='lat' dir='ltr'><strong>ii</strong></span> <span class='ocrx_word' id='word_1_162' title='bbox 1078 2072 1163 2137; x_wconf 90' lang='lat' dir='ltr'><strong>mihi</strong></span> 
     </span>
     <span class='ocr_line' id='line_1_23' title="bbox 152 2158 1162 2244; baseline -0.001 -20"><span class='ocrx_word' id='word_1_163' title='bbox 152 2160 302 2224; x_wconf 79' lang='lat' dir='ltr'><strong>videntur</strong></span> <span class='ocrx_word' id='word_1_164' title='bbox 324 2159 470 2223; x_wconf 89' lang='lat' dir='ltr'><strong>fabulam</strong></span> <span class='ocrx_word' id='word_1_165' title='bbox 499 2158 616 2224; x_wconf 88' lang='lat' dir='ltr'><strong>aetatis</strong></span> <span class='ocrx_word' id='word_1_166' title='bbox 643 2158 807 2244; x_wconf 88' lang='lat' dir='ltr'><strong>peregisse</strong></span> <span class='ocrx_word' id='word_1_167' title='bbox 834 2180 892 2224; x_wconf 92' lang='lat' dir='ltr'><strong>nec</strong></span> <span class='ocrx_word' id='word_1_168' title='bbox 918 2163 1086 2242; x_wconf 89' lang='lat' dir='ltr'><strong>tamquam</strong></span> <span class='ocrx_word' id='word_1_169' title='bbox 1113 2159 1162 2223; x_wconf 92' lang='lat' dir='ltr'><strong>in·</strong></span> 
     </span>
     <span class='ocr_line' id='line_1_24' title="bbox 153 2246 1031 2311; baseline -0.003 0"><span class='ocrx_word' id='word_1_170' title='bbox 153 2247 320 2311; x_wconf 87' lang='lat' dir='ltr'><strong>exercitati</strong></span> <span class='ocrx_word' id='word_1_171' title='bbox 343 2247 517 2311; x_wconf 88' lang='lat' dir='ltr'><strong>histriones</strong></span> <span class='ocrx_word' id='word_1_172' title='bbox 540 2246 576 2309; x_wconf 91' lang='lat' dir='ltr'><strong>in</strong></span> <span class='ocrx_word' id='word_1_173' title='bbox 599 2250 742 2311; x_wconf 88' lang='lat' dir='ltr'><strong>extremo</strong></span> <span class='ocrx_word' id='word_1_174' title='bbox 767 2249 840 2311; x_wconf 89' lang='lat' dir='ltr'><strong>actu</strong></span> <span class='ocrx_word' id='word_1_175' title='bbox 864 2246 1031 2310; x_wconf 88' lang='lat' dir='ltr'><strong>corruisse.</strong></span> 
     </span>
    </p>

    <p class='ocr_par' dir='ltr' id='par_1_3' title="bbox 101 2331 1196 3119">
     <span class='ocr_line' id='line_1_25' title="bbox 101 2331 1160 2398; baseline 0 0"><span class='ocrx_word' id='word_1_176' title='bbox 101 2350 133 2398; x_wconf 76' lang='lat'><strong>65</strong></span> <span class='ocrx_word' id='word_1_177' title='bbox 219 2332 266 2397; x_wconf 87' lang='lat' dir='ltr'><strong>At</strong></span> <span class='ocrx_word' id='word_1_178' title='bbox 292 2337 368 2397; x_wconf 86' lang='lat' dir='ltr'><strong>sunt</strong></span> <span class='ocrx_word' id='word_1_179' title='bbox 395 2333 515 2398; x_wconf 92' lang='lat' dir='ltr'><strong>morosi</strong></span> <span class='ocrx_word' id='word_1_180' title='bbox 543 2335 576 2396; x_wconf 90' lang='lat' dir='ltr'><strong>et</strong></span> <span class='ocrx_word' id='word_1_181' title='bbox 604 2332 691 2396; x_wconf 90' lang='lat' dir='ltr'><strong>anxii</strong></span> <span class='ocrx_word' id='word_1_182' title='bbox 719 2335 752 2395; x_wconf 91' lang='lat' dir='ltr'><strong>et</strong></span> <span class='ocrx_word' id='word_1_183' title='bbox 778 2333 931 2398; x_wconf 88' lang='lat' dir='ltr'><strong>iracundi</strong></span> <span class='ocrx_word' id='word_1_184' title='bbox 951 2336 984 2396; x_wconf 90' lang='lat' dir='ltr'><strong>et</strong></span> <span class='ocrx_word' id='word_1_185' title='bbox 1011 2331 1160 2398; x_wconf 89' lang='lat' dir='ltr'><strong>difficiles</strong></span> 
     </span>
     <span class='ocr_line' id='line_1_26' title="bbox 153 2418 1160 2504; baseline 0.001 -19"><span class='ocrx_word' id='word_1_186' title='bbox 153 2442 253 2486; x_wconf 88' lang='lat' dir='ltr'><strong>senas.</strong></span> <span class='ocrx_word' id='word_1_187' title='bbox 299 2418 334 2485; x_wconf 78' lang='lat' dir='ltr'><strong>Si</strong></span> <span class='ocrx_word' id='word_1_188' title='bbox 361 2420 557 2504; x_wconf 89' lang='lat' dir='ltr'><strong>quaerimus,</strong></span> <span class='ocrx_word' id='word_1_189' title='bbox 585 2419 684 2483; x_wconf 90' lang='lat' dir='ltr'><strong>etiam</strong></span> <span class='ocrx_word' id='word_1_190' title='bbox 712 2419 814 2502; x_wconf 75' lang='lat' dir='ltr'><strong>avari,</strong></span> <span class='ocrx_word' id='word_1_191' title='bbox 843 2420 900 2483; x_wconf 90' lang='lat' dir='ltr'><strong>sed</strong></span> <span class='ocrx_word' id='word_1_192' title='bbox 925 2420 1005 2484; x_wconf 90' lang='lat' dir='ltr'><strong>haec</strong></span> <span class='ocrx_word' id='word_1_193' title='bbox 1031 2443 1160 2486; x_wconf 91' lang='lat' dir='ltr'><strong>morum</strong></span> 
     </span>
     <span class='ocr_line' id='line_1_27' title="bbox 152 2504 1160 2592; baseline 0.001 -19"><span class='ocrx_word' id='word_1_194' title='bbox 152 2509 234 2575; x_wconf 81' lang='lat' dir='ltr'><strong>vitia</strong></span> <span class='ocrx_word' id='word_1_195' title='bbox 252 2511 337 2592; x_wconf 89' lang='lat' dir='ltr'><strong>sunt,</strong></span> <span class='ocrx_word' id='word_1_196' title='bbox 359 2528 426 2572; x_wconf 89' lang='lat' dir='ltr'><strong>non</strong></span> <span class='ocrx_word' id='word_1_197' title='bbox 443 2506 626 2572; x_wconf 80' lang='lat' dir='ltr'><strong>senectutis</strong></span> <span class='ocrx_word' id='word_1_198' title='bbox 662 2504 711 2570; x_wconf 86' lang='lat' dir='ltr'><strong>Ac</strong></span> <span class='ocrx_word' id='word_1_199' title='bbox 734 2507 908 2571; x_wconf 88' lang='lat' dir='ltr'><strong>morositas</strong></span> <span class='ocrx_word' id='word_1_200' title='bbox 930 2511 1041 2572; x_wconf 89' lang='lat' dir='ltr'><strong>tamen</strong></span> <span class='ocrx_word' id='word_1_201' title='bbox 1064 2513 1097 2572; x_wconf 88' lang='lat' dir='ltr'><strong>et</strong></span> <span class='ocrx_word' id='word_1_202' title='bbox 1121 2530 1160 2574; x_wconf 88' lang='lat' dir='ltr'><strong>ea</strong></span> 
     </span>
     <span class='ocr_line' id='line_1_28' title="bbox 152 2593 1158 2680; baseline -0.002 -18"><span class='ocrx_word' id='word_1_203' title='bbox 152 2597 242 2679; x_wconf 85' lang='lat' dir='ltr'><strong>vitia,</strong></span> <span class='ocrx_word' id='word_1_204' title='bbox 266 2617 348 2680; x_wconf 90' lang='lat' dir='ltr'><strong>quae</strong></span> <span class='ocrx_word' id='word_1_205' title='bbox 372 2595 444 2679; x_wconf 93' lang='lat' dir='ltr'><strong>dixi,</strong></span> <span class='ocrx_word' id='word_1_206' title='bbox 467 2594 589 2658; x_wconf 90' lang='lat' dir='ltr'><strong>habent</strong></span> <span class='ocrx_word' id='word_1_207' title='bbox 612 2593 734 2677; x_wconf 89' lang='lat' dir='ltr'><strong>aliquid</strong></span> <span class='ocrx_word' id='word_1_208' title='bbox 753 2595 967 2659; x_wconf 89' lang='lat' dir='ltr'><strong>excusationis</strong></span> <span class='ocrx_word' id='word_1_209' title='bbox 986 2617 1052 2659; x_wconf 90' lang='lat' dir='ltr'><strong>non</strong></span> <span class='ocrx_word' id='word_1_210' title='bbox 1068 2596 1158 2661; x_wconf 90' lang='lat' dir='ltr'><strong>illius</strong></span> 
     </span>
     <span class='ocr_line' id='line_1_29' title="bbox 153 2681 1159 2769; baseline -0.002 -21"><span class='ocrx_word' id='word_1_211' title='bbox 153 2684 282 2769; x_wconf 88' lang='lat' dir='ltr'><strong>quidem</strong></span> <span class='ocrx_word' id='word_1_212' title='bbox 306 2683 419 2765; x_wconf 89' lang='lat' dir='ltr'><strong>iustae,</strong></span> <span class='ocrx_word' id='word_1_213' title='bbox 443 2682 498 2746; x_wconf 89' lang='lat' dir='ltr'><strong>sed</strong></span> <span class='ocrx_word' id='word_1_214' title='bbox 521 2703 603 2765; x_wconf 90' lang='lat' dir='ltr'><strong>quae</strong></span> <span class='ocrx_word' id='word_1_215' title='bbox 626 2681 760 2765; x_wconf 88' lang='lat' dir='ltr'><strong>probari</strong></span> <span class='ocrx_word' id='word_1_216' title='bbox 782 2703 878 2766; x_wconf 93' lang='lat' dir='ltr'><strong>posse</strong></span> <span class='ocrx_word' id='word_1_217' title='bbox 900 2683 1061 2767; x_wconf 73' lang='lat' dir='ltr'><strong>videatur,</strong></span> <span class='ocrx_word' id='word_1_218' title='bbox 1086 2705 1159 2748; x_wconf 89' lang='lat' dir='ltr'><strong>con-</strong></span> 
     </span>
     <span class='ocr_line' id='line_1_30' title="bbox 153 2768 1160 2856; baseline -0.001 -20"><span class='ocrx_word' id='word_1_219' title='bbox 153 2771 255 2836; x_wconf 88' lang='lat' dir='ltr'><strong>temni</strong></span> <span class='ocrx_word' id='word_1_220' title='bbox 278 2792 312 2834; x_wconf 87' lang='lat' dir='ltr'><strong>se</strong></span> <span class='ocrx_word' id='word_1_221' title='bbox 335 2773 465 2854; x_wconf 87' lang='lat' dir='ltr'><strong>putant,</strong></span> <span class='ocrx_word' id='word_1_222' title='bbox 493 2768 625 2853; x_wconf 88' lang='lat' dir='ltr'><strong>despici,</strong></span> <span class='ocrx_word' id='word_1_223' title='bbox 653 2768 768 2852; x_wconf 72' lang='lat' dir='ltr'><strong>inludi,</strong></span> <span class='ocrx_word' id='word_1_224' title='bbox 797 2774 966 2853; x_wconf 89' lang='lat' dir='ltr'><strong>praeterea</strong></span> <span class='ocrx_word' id='word_1_225' title='bbox 991 2771 1026 2834; x_wconf 90' lang='lat' dir='ltr'><strong>in</strong></span> <span class='ocrx_word' id='word_1_226' title='bbox 1048 2770 1160 2856; x_wconf 87' lang='lat' dir='ltr'><strong>fragili</strong></span> 
     </span>
     <span class='ocr_line' id='line_1_31' title="bbox 153 2855 1196 2942; baseline -0.006 -18"><span class='ocrx_word' id='word_1_227' title='bbox 153 2879 287 2942; x_wconf 88' lang='lat' dir='ltr'><strong>corpore</strong></span> <span class='ocrx_word' id='word_1_228' title='bbox 307 2858 418 2923; x_wconf 92' lang='lat' dir='ltr'><strong>odiosa</strong></span> <span class='ocrx_word' id='word_1_229' title='bbox 436 2857 540 2922; x_wconf 90' lang='lat' dir='ltr'><strong>omnis</strong></span> <span class='ocrx_word' id='word_1_230' title='bbox 560 2856 694 2920; x_wconf 90' lang='lat' dir='ltr'><strong>offensio</strong></span> <span class='ocrx_word' id='word_1_231' title='bbox 718 2860 775 2920; x_wconf 88' lang='lat' dir='ltr'><strong>est.</strong></span> <span class='ocrx_word' id='word_1_232' title='bbox 813 2855 901 2931; x_wconf 82' lang='lat' dir='ltr'><strong>Quae</strong></span> <span class='ocrx_word' id='word_1_233' title='bbox 919 2861 1030 2922; x_wconf 90' lang='lat' dir='ltr'><strong>tamen</strong></span> <span class='ocrx_word' id='word_1_234' title='bbox 1050 2859 1160 2924; x_wconf 92' lang='lat' dir='ltr'><strong>omnia</strong></span> <span class='ocrx_word' id='word_1_235' title='bbox 1174 2878 1196 2918; x_wconf 79' lang='lat' dir='ltr'><strong>a</strong></span> 
     </span>
     <span class='ocr_line' id='line_1_32' title="bbox 153 2943 1161 3029; baseline 0.001 -19"><span class='ocrx_word' id='word_1_236' title='bbox 153 2946 296 3011; x_wconf 90' lang='lat' dir='ltr'><strong>dulciora</strong></span> <span class='ocrx_word' id='word_1_237' title='bbox 319 2945 401 3009; x_wconf 89' lang='lat' dir='ltr'><strong>fiunt</strong></span> <span class='ocrx_word' id='word_1_238' title='bbox 424 2948 456 3009; x_wconf 91' lang='lat' dir='ltr'><strong>et</strong></span> <span class='ocrx_word' id='word_1_239' title='bbox 480 2944 623 3008; x_wconf 89' lang='lat' dir='ltr'><strong>moribus</strong></span> <span class='ocrx_word' id='word_1_240' title='bbox 646 2943 740 3009; x_wconf 90' lang='lat' dir='ltr'><strong>bonis</strong></span> <span class='ocrx_word' id='word_1_241' title='bbox 760 2947 792 3008; x_wconf 86' lang='lat' dir='ltr'><strong>et</strong></span> <span class='ocrx_word' id='word_1_242' title='bbox 811 2945 945 3029; x_wconf 88' lang='lat' dir='ltr'><strong>artibus,</strong></span> <span class='ocrx_word' id='word_1_243' title='bbox 968 2946 1063 3028; x_wconf 91' lang='lat' dir='ltr'><strong>idque</strong></span> <span class='ocrx_word' id='word_1_244' title='bbox 1087 2969 1161 3011; x_wconf 91' lang='lat' dir='ltr'><strong>cum</strong></span> 
     </span>
     <span class='ocr_line' id='line_1_33' title="bbox 152 3032 1162 3119; baseline 0 -20"><span class='ocrx_word' id='word_1_245' title='bbox 152 3034 187 3098; x_wconf 89' lang='lat' dir='ltr'><strong>in</strong></span> <span class='ocrx_word' id='word_1_246' title='bbox 209 3034 286 3118; x_wconf 87' lang='lat' dir='ltr'><strong>vita,</strong></span> <span class='ocrx_word' id='word_1_247' title='bbox 310 3037 380 3097; x_wconf 89' lang='lat' dir='ltr'><strong>tum</strong></span> <span class='ocrx_word' id='word_1_248' title='bbox 398 3033 432 3097; x_wconf 89' lang='lat' dir='ltr'><strong>in</strong></span> <span class='ocrx_word' id='word_1_249' title='bbox 451 3054 566 3097; x_wconf 89' lang='lat' dir='ltr'><strong>scaena</strong></span> <span class='ocrx_word' id='word_1_250' title='bbox 584 3032 732 3116; x_wconf 89' lang='lat' dir='ltr'><strong>intellegi</strong></span> <span class='ocrx_word' id='word_1_251' title='bbox 749 3035 859 3116; x_wconf 91' lang='lat' dir='ltr'><strong>potest</strong></span> <span class='ocrx_word' id='word_1_252' title='bbox 878 3033 975 3098; x_wconf 90' lang='lat' dir='ltr'><strong>exiis</strong></span> <span class='ocrx_word' id='word_1_253' title='bbox 994 3033 1162 3119; x_wconf 88' lang='lat' dir='ltr'><strong>fratribus,</strong></span> 
     </span>
    </p>

    <p class='ocr_par' dir='ltr' id='par_1_4' title="bbox 75 3119 1207 3472">
     <span class='ocr_line' id='line_1_34' title="bbox 75 3119 1163 3206; baseline 0 -18"><span class='ocrx_word' id='word_1_254' title='bbox 75 3184 78 3188; x_wconf 78' lang='grc'><strong><em>,</em></strong></span> <span class='ocrx_word' id='word_1_255' title='bbox 154 3121 209 3205; x_wconf 92' lang='lat' dir='ltr'><strong>qui</strong></span> <span class='ocrx_word' id='word_1_256' title='bbox 236 3121 270 3185; x_wconf 89' lang='lat' dir='ltr'><strong>in</strong></span> <span class='ocrx_word' id='word_1_257' title='bbox 297 3119 455 3204; x_wconf 86' lang='lat' dir='ltr'><strong>Adelphis</strong></span> <span class='ocrx_word' id='word_1_258' title='bbox 484 3124 568 3185; x_wconf 90' lang='lat' dir='ltr'><strong>sunt.</strong></span> <span class='ocrx_word' id='word_1_259' title='bbox 614 3119 742 3195; x_wconf 88' lang='lat' dir='ltr'><strong>Quanta</strong></span> <span class='ocrx_word' id='word_1_260' title='bbox 768 3120 802 3183; x_wconf 92' lang='lat' dir='ltr'><strong>in</strong></span> <span class='ocrx_word' id='word_1_261' title='bbox 830 3122 933 3185; x_wconf 88' lang='lat' dir='ltr'><strong>altero</strong></span> <span class='ocrx_word' id='word_1_262' title='bbox 967 3121 1094 3206; x_wconf 90' lang='lat' dir='ltr'><strong>diritas,</strong></span> <span class='ocrx_word' id='word_1_263' title='bbox 1127 3124 1163 3188; x_wconf 90' lang='lat' dir='ltr'><strong>in</strong></span> 
     </span>
     <span class='ocr_line' id='line_1_35' title="bbox 153 3206 1163 3275; baseline 0.002 -2"><span class='ocrx_word' id='word_1_264' title='bbox 153 3211 256 3274; x_wconf 90' lang='lat' dir='ltr'><strong>altero</strong></span> <span class='ocrx_word' id='word_1_265' title='bbox 281 3209 429 3273; x_wconf 87' lang='lat' dir='ltr'><strong>comitas!</strong></span> <span class='ocrx_word' id='word_1_266' title='bbox 467 3206 519 3273; x_wconf 83' lang='lat' dir='ltr'><strong>Sic</strong></span> <span class='ocrx_word' id='word_1_267' title='bbox 543 3229 577 3272; x_wconf 89' lang='lat' dir='ltr'><strong>se</strong></span> <span class='ocrx_word' id='word_1_268' title='bbox 600 3229 651 3272; x_wconf 90' lang='lat' dir='ltr'><strong>res</strong></span> <span class='ocrx_word' id='word_1_269' title='bbox 674 3208 787 3272; x_wconf 86' lang='lat' dir='ltr'><strong>habet:</strong></span> <span class='ocrx_word' id='word_1_270' title='bbox 810 3212 847 3272; x_wconf 91' lang='lat' dir='ltr'><strong>ut</strong></span> <span class='ocrx_word' id='word_1_271' title='bbox 870 3209 956 3273; x_wconf 90' lang='lat' dir='ltr'><strong>enim</strong></span> <span class='ocrx_word' id='word_1_272' title='bbox 978 3230 1044 3273; x_wconf 91' lang='lat' dir='ltr'><strong>non</strong></span> <span class='ocrx_word' id='word_1_273' title='bbox 1065 3231 1163 3275; x_wconf 89' lang='lat' dir='ltr'><strong>omne</strong></span> 
     </span>
     <span class='ocr_line' id='line_1_36' title="bbox 152 3295 1197 3380; baseline -0.004 -20"><span class='ocrx_word' id='word_1_274' title='bbox 152 3297 272 3380; x_wconf 86' lang='lat' dir='ltr'><strong>riuum,</strong></span> <span class='ocrx_word' id='word_1_275' title='bbox 296 3296 342 3361; x_wconf 90' lang='lat' dir='ltr'><strong>sio</strong></span> <span class='ocrx_word' id='word_1_276' title='bbox 364 3317 430 3362; x_wconf 91' lang='lat' dir='ltr'><strong>non</strong></span> <span class='ocrx_word' id='word_1_277' title='bbox 452 3296 556 3360; x_wconf 92' lang='lat' dir='ltr'><strong>omnis</strong></span> <span class='ocrx_word' id='word_1_278' title='bbox 579 3299 697 3361; x_wconf 88' lang='lat' dir='ltr'><strong>natura</strong></span> <span class='ocrx_word' id='word_1_279' title='bbox 719 3299 882 3361; x_wconf 88' lang='lat' dir='ltr'><strong>vetustate</strong></span> <span class='ocrx_word' id='word_1_280' title='bbox 905 3296 1070 3361; x_wconf 87' lang='lat' dir='ltr'><strong>coacescit.</strong></span> <span class='ocrx_word' id='word_1_281' title='bbox 1108 3295 1197 3363; x_wconf 73' lang='lat' dir='ltr'><strong>Se-sr</strong></span> 
     </span>
     <span class='ocr_line' id='line_1_37' title="bbox 157 3383 1207 3472; baseline 0.003 -23"><span class='ocrx_word' id='word_1_282' title='bbox 157 3384 324 3449; x_wconf 78' lang='lat' dir='ltr'><strong>veritatem</strong></span> <span class='ocrx_word' id='word_1_283' title='bbox 356 3384 390 3448; x_wconf 90' lang='lat' dir='ltr'><strong>in</strong></span> <span class='ocrx_word' id='word_1_284' title='bbox 422 3387 585 3449; x_wconf 88' lang='lat' dir='ltr'><strong>senectute</strong></span> <span class='ocrx_word' id='word_1_285' title='bbox 608 3384 733 3467; x_wconf 92' lang='lat' dir='ltr'><strong>probo,</strong></span> <span class='ocrx_word' id='word_1_286' title='bbox 766 3383 822 3448; x_wconf 89' lang='lat' dir='ltr'><strong>sed</strong></span> <span class='ocrx_word' id='word_1_287' title='bbox 854 3405 938 3468; x_wconf 87' lang='lat' dir='ltr'><strong>eam,</strong></span> <span class='ocrx_word' id='word_1_288' title='bbox 971 3384 1054 3448; x_wconf 90' lang='lat' dir='ltr'><strong>sicut</strong></span> <span class='ocrx_word' id='word_1_289' title='bbox 1087 3386 1163 3472; x_wconf 88' lang='lat' dir='ltr'><strong>alia,</strong></span> <span class='ocrx_word' id='word_1_290' title='bbox 1205 3440 1207 3452; x_wconf 34' lang='lat'>1</span> 
     </span>
    </p>

    <p class='ocr_par' dir='ltr' id='par_1_5' title="bbox 104 3470 1165 3556">
     <span class='ocr_line' id='line_1_38' title="bbox 104 3470 1165 3556; baseline 0.001 -18"><span class='ocrx_word' id='word_1_291' title='bbox 104 3488 137 3539; x_wconf 76' lang='lat' dir='ltr'><strong>aa</strong></span> <span class='ocrx_word' id='word_1_292' title='bbox 157 3472 326 3556; x_wconf 89' lang='lat' dir='ltr'><strong>modicam,</strong></span> <span class='ocrx_word' id='word_1_293' title='bbox 350 3472 560 3538; x_wconf 88' lang='lat' dir='ltr'><strong>acerbitatem</strong></span> <span class='ocrx_word' id='word_1_294' title='bbox 583 3471 673 3535; x_wconf 92' lang='lat' dir='ltr'><strong>nullo</strong></span> <span class='ocrx_word' id='word_1_295' title='bbox 697 3471 801 3535; x_wconf 88' lang='lat' dir='ltr'><strong>modo.</strong></span> <span class='ocrx_word' id='word_1_296' title='bbox 842 3470 992 3536; x_wconf 79' lang='lat' dir='ltr'><strong>Avaritia</strong></span> <span class='ocrx_word' id='word_1_297' title='bbox 1015 3494 1091 3537; x_wconf 83' lang='lat' dir='ltr'><strong>vero</strong></span> <span class='ocrx_word' id='word_1_298' title='bbox 1115 3495 1165 3539; x_wconf 90' lang='lat' dir='ltr'><strong>se·</strong></span> 
     </span>
    </p>
   </div>
   <div class='ocr_carea' id='block_1_3' title="bbox 0 0 1220 3990">
    <p class='ocr_par' dir='ltr' id='par_1_6' title="bbox 0 0 1220 3990">
     <span class='ocr_line' id='line_1_39' title="bbox 0 0 1220 3990; baseline 0 0"><span class='ocrx_word' id='word_1_299' title='bbox 0 0 1220 3990; x_wconf 95' lang='lat' dir='ltr'><strong> </strong></span> 
     </span>
    </p>
   </div>
  </div>
 </body>
</html>
