2430 3990
131 177 206 242 4111
444 130 662 228 1111111111
681 174 845 229 umerum

88 351 121 402 11
140 337 248 421 ipsum
272 336 412 401 amantis
436 339 494 400 est.
530 335 612 401 Cum
634 334 693 400 illo
716 357 792 400 vero
817 335 888 420 quis
916 340 1015 422 neget
1038 340 1151 400 actum

141 446 211 490 esse
233 424 419 509 praeclare?
441 422 515 488 Nisi
543 425 637 506 enim,
660 424 744 507 quod
766 423 823 488 ille
846 423 977 488 minime
999 424 1151 509 putabat,

140 513 412 578 inmortalitatem
442 515 555 596 optare
582 513 695 596 vellet,
727 512 805 596 quid
831 533 896 576 non
924 513 1060 596 adeptus
1090 517 1152 596 est,
1180 516 1188 523 ’

142 602 228 685 quod
258 600 382 665 homini
413 599 463 664 fas
496 603 582 665 esset
614 600 749 684 optare?
787 600 842 683 qui
873 621 1033 665 summam
1057 622 1151 684 spem

140 689 273 772 civium,
305 710 401 771 quam
426 688 464 751 de
487 710 524 752 eo
548 688 613 752 iam
641 709 740 772 puero
767 688 962 766 habuerant,
992 688 1148 754 continuo
1176 704 1187 746 ⁶

142 777 328 842 adulescens
343 775 523 841 incredibili
537 776 657 840 virtute
675 776 850 860 superavit,
870 776 924 860 qui
942 777 1151 842 consulatum

31 896 34 911 =
140 864 259 950 petivit
280 862 594 948 numquam„factus
619 865 731 928 consul
754 867 804 928 est
826 864 886 948 bis,
908 864 1050 948 primum
1071 867 1152 929 ante

26 940 29 965 ¹
140 956 285 1037 tempus,
307 953 426 1016 iterum
449 952 513 1016 sibi
536 974 594 1017 suo
617 956 778 1036 tempore,
805 952 851 1015 rei
873 952 1022 1036 publicae
1045 974 1151 1037 paene

142 1062 228 1125 sero,
260 1041 315 1124 qui
343 1040 466 1105 duabus
498 1040 633 1105 urbibus
666 1040 786 1105 eversis
813 1039 1044 1105 inimicissimis
1072 1041 1152 1105 huic

141 1129 278 1213 imperio
296 1150 362 1193 non
376 1128 472 1193 modo
486 1128 678 1212 praesentia,
696 1150 808 1192 verum
823 1128 920 1192 etiam
934 1128 1046 1194 futura
1059 1129 1152 1194 bella
1167 1146 1191 1187 1⁰

143 1217 270 1281 delevit.
308 1215 391 1292 Quid
415 1217 519 1281 dicam
542 1217 580 1281 de
604 1216 748 1281 moribus
769 1215 944 1300 facillimis
968 1217 1006 1281 de
1024 1217 1151 1301 pietate

141 1305 177 1368 in
199 1307 351 1388 matrem,
378 1304 575 1369 liberalitate
603 1305 637 1368 in
660 1325 800 1390 sorores,
829 1305 977 1370 bonitate
1004 1306 1038 1369 in
1062 1327 1152 1390 suos,

141 1391 268 1456 iustitia
290 1392 325 1456 in
348 1393 481 1457 omnes?
503 1396 583 1457 nota
606 1395 682 1457 sunt
699 1394 801 1458 vobis.
847 1391 950 1468 Quam
975 1397 1082 1459 autem
1107 1394 1151 1458 ci·

141 1481 239 1545 vitati
255 1502 346 1545 carus
365 1480 473 1558 fuerit,
494 1502 639 1545 maerore
653 1480 776 1544 funeris
790 1480 967 1546 indicatum
982 1485 1040 1546 est.
1064 1479 1150 1556 Quid

141 1569 244 1654 igitur
272 1569 357 1634 hunc
384 1590 560 1653 paucorum
593 1590 749 1633 annorum
777 1570 917 1634 accessio
949 1571 1059 1635 iuvare
1091 1592 1150 1655 po·
1166 1585 1191 1626 t*

114 1657 281 1721 tuisset?
318 1654 471 1722 Senectus
501 1657 586 1720 11111
619 1657 766 1740 quamvis
793 1657 926 1721 nonsit
954 1658 1077 1743 gravis,
1110 1663 1150 1722 ut

142 1745 274 1808 memini
288 1743 445 1810 (tatonem
459 1766 543 1809 anno
563 1749 647 1827 ante,
671 1766 768 1827 quam
783 1747 832 1808 est
846 1749 1002 1830 mortuus,
1020 1767 1150 1810 mecum

143 1836 175 1896 11
198 1855 270 1898 cum
294 1830 443 1917 Scipione
467 1833 631 1915 disserere,
653 1835 764 1895 tamen
788 1832 894 1896 aufert
913 1854 984 1896 eam
1002 1834 1149 1898 viridita-

90 1936 122 1987 12
141 1923 226 2004 tem,
251 1921 285 1984 in
309 1943 371 2004 qua
395 1920 493 1985 etiam
515 1942 600 1984 nunc
623 1923 694 1983 erat
717 1917 833 2003 Scipio.
878 1918 981 1994 Quam
1005 1921 1046 1984 ob
1076 1943 1149 1986 rem

140 2009 210 2073 1111
233 2009 361 2093 quidem
384 2009 461 2073 talis
483 2008 547 2072 fuit
569 2009 620 2072 vel
643 2006 775 2073 fortuna
798 2007 849 2072 vel
874 2008 988 2092 gloria,
1007 2011 1043 2071 ut
1061 2009 1148 2073 nihil
1164 2025 1189 2066 11

139 2101 252 2182 posset
275 2096 432 2181 accedere,
455 2096 612 2161 moriendi
636 2098 743 2159 autem
768 2117 897 2159 sensum
919 2095 1067 2160 celeritas
1092 2097 1149 2160 ab·

140 2186 248 2267 stulit3
281 2206 343 2268 quo
368 2185 406 2248 de
430 2206 546 2269 genere
569 2184 684 2248 mortis
708 2183 838 2249 difficile
858 2183 945 2248 dictu
974 2186 1036 2267 est,
1069 2185 1147 2266 quid

139 2273 287 2337 homines
320 2272 536 2356 suspicentur,
567 2272 697 2354 videtis,
733 2271 795 2336 hoc
822 2293 897 2336 vere
927 2274 1037 2336 tamen
1069 2272 1148 2337 licet

141 2361 254 2442 dicere,
276 2359 311 2423 P.
335 2357 477 2443 Scipioni
500 2381 539 2423 ex
561 2360 673 2423 multis
697 2359 822 2441 diebus,
846 2380 926 2442 quos
949 2359 984 2423 in
1006 2360 1075 2425 1111
1098 2382 1147 2425 ce-

140 2446 330 2512 leberrimos
358 2447 619 2530 laetissimosque
646 2447 776 2528 viderit,
804 2446 897 2510 illum
926 2447 1009 2511 diem
1036 2448 1146 2513 claris-
1161 2462 1186 2504 2⁵

141 2536 258 2600 simum
284 2534 397 2619 fuisse,
429 2557 527 2620 quom
551 2538 663 2600 senatu
687 2534 819 2599 dimisso
841 2535 971 2600 domum
994 2535 1146 2601 reductus

141 2624 182 2689 ad
203 2644 372 2707 vesperum
396 2626 446 2686 est
474 2645 493 2688 a
521 2623 670 2707 patribus
698 2622 906 2707 conscriptis,
933 2624 1054 2724 populo
1082 2623 1146 2689 Ro-

140 2733 251 2795 mano,
275 2711 369 2775 sociis
394 2715 426 2774 et
448 2710 588 2793 Latinis,
614 2711 717 2795 pridie
746 2732 842 2794 quam
866 2715 1003 2777 excess1t
1027 2734 1044 2775 e
1066 2712 1145 2792 vita,

139 2804 176 2864 ut
200 2821 239 2864 ex
260 2802 329 2863 tam
353 2800 420 2863 alto
445 2799 614 2884 dignitatis
641 2799 744 2884 gradu
772 2798 811 2863 ad
840 2820 974 2883 superos
996 2800 1146 2865 videatur

140 2888 216 2952 deos
240 2887 348 2971 potius
372 2909 470 2970 quam
493 2887 533 2951 ad
555 2886 677 2951 inferos
700 2887 892 2971 pervenisse.
1160 2903 1187 2944 so

88 3013 120 3063 13
205 2973 318 3058 Neque
342 2974 428 3039 enim
447 2975 612 3040 adsentior
629 2975 679 3058 iis,
703 2974 758 3058 qui
775 2975 855 3039 haec
870 2996 973 3058 nuper
988 2974 1146 3040 disserere

140 3067 321 3149 coeperunt,
343 3086 415 3128 cum
430 3064 618 3148 corporibus
634 3063 730 3128 simul
749 3063 874 3127 animos
893 3062 1027 3126 interire
1046 3066 1146 3148 atque

140 3153 248 3218 omnia
270 3156 375 3216 morte
399 3151 512 3237 deleri,
534 3153 607 3235 plus
627 3151 712 3236 apud
735 3173 787 3215 me
811 3151 1018 3234 antiquorum
1037 3155 1147 3217 aucto·

95 3285 100 3293 ·
138 3242 219 3305 ritas
242 3240 339 3322 valet,
362 3241 414 3304 111
436 3243 623 3304 nostrorum
647 3240 815 3323 maiorum,
839 3239 893 3322 qui
916 3238 1054 3303 mortuis
1075 3242 1146 3304 tam

138 3328 293 3412 religiosa
315 3328 387 3391 iura
409 3328 601 3412 tribuerunt,
625 3328 711 3411 quod
733 3349 798 3392 non
816 3327 969 3395 fecissent
987 3327 1146 3411 profecto,
1161 3341 1186 3385 ³⁵

139 3417 166 3480 si
188 3416 271 3480 nihil
295 3415 335 3479 ad
359 3437 413 3479 eos
434 3416 595 3499 pertinere
614 3416 860 3498 arbitrarentur,
878 3415 931 3479 vel
949 3436 1070 3500 eorum,
1090 3416 1147 3500 qui

137 3502 171 3568 in
189 3503 250 3568 hac
268 3507 357 3568 terra
374 3502 506 3568 fuerunt
524 3525 740 3588 magnamque
757 3501 935 3588 Graeciam,
959 3524 1041 3587 quae
1059 3524 1148 3569 nunc
