2430 3990
156 139 220 202 162
456 136 609 191 IAELIUS
627 135 676 190 uu
695 133 860 217 rincum

155 321 278 381 rerum,
310 297 356 362 sio
387 297 516 362 vivendi
549 297 689 362 modum.
735 295 889 362 Senectus
914 299 1023 360 autern
1044 294 1165 360 aetatis

156 390 207 451 est
233 386 376 470 peractio
399 390 567 469 tamquam
590 386 733 469 fabulae,
765 385 854 450 cuius
879 383 1095 448 defectionem
1119 382 1166 448 fu·

157 496 232 560 gere
256 475 417 557 debemus,
439 475 631 559 praesertim
655 474 806 538 adiuncta
830 472 991 537 satietate.

221 562 310 627 Haeo
332 562 441 645 habui,
464 562 502 628 de
526 565 689 627 senectute
717 583 799 645 quae
823 560 975 642 dicerem3
1000 558 1041 623 ad
1066 581 1167 644 quam

158 651 281 714 utinam
308 650 518 733 perveniatis!
550 653 587 713 ut
611 672 661 734 ea,
693 672 774 734 quae
803 670 841 713 ex
864 671 915 713 me
946 647 1100 732 audistis,
1133 666 1186 712 rer

157 738 281 822 experti
303 738 442 821 probare
465 737 608 822 possitis.

409 1162 455 1235 M.
484 1161 626 1234 TULLI
654 1159 902 1235 CICERONIS

268 1339 488 1425 LAELIUS
520 1343 592 1424 DII
624 1341 862 1427 AMICITIA
894 1341 1058 1424 LIBER

344 1507 404 1572 uo
428 1508 463 1573 r.
486 1507 745 1574 POMPONIUM
769 1505 974 1574 Aruouu.

496 1693 832 1802 ARGUMENTUM.

230 1856 298 1910 Cum
316 1857 390 1910 inter
407 1857 437 1911 P.
457 1855 616 1926 Scipionem
630 1855 791 1910 Africanum
805 1857 834 1909 et
849 1855 876 1912 Ο.
887 1855 1014 1910 Laelium
1028 1872 1171 1912 summam

159 1943 269 1997 semper
282 1925 435 1980 amicitiam
449 1927 535 1981 fuisse
551 1927 700 1994 constaret,
720 1925 856 1992 Ciceroni,
876 1943 939 1980 cum
952 1925 1040 1979 vellet
1054 1926 1169 1996 aliquid

159 1997 194 2053 de
213 1997 337 2052 amicitia
356 1997 541 2066 conscribere,
571 1996 649 2051 Laeli
662 2013 782 2066 persona
799 1996 901 2049 idonea
923 1995 984 2049 visa
1002 1997 1057 2061 est,
1082 2014 1171 2065 quem

158 2068 304 2123 induceret
331 2067 365 2122 de
393 2067 517 2122 amicitia
543 2067 735 2137 disputantem
760 2084 823 2121 cum
850 2067 967 2134 utroque
991 2081 1109 2135 genero,
1137 2068 1170 2125 0.

159 2139 265 2194 Fannio
284 2140 313 2193 et
332 2138 363 2204 Q.
381 2139 474 2193 Mucio
494 2138 637 2199 Scaevola.
674 2138 734 2192 Hoc
753 2137 841 2220 igitur
859 2152 998 2204 sermone,
1018 2152 1102 2204 quem
1122 2136 1170 2193 Oi·

160 2226 223 2264 cero
246 2209 344 2280 paucis
369 2209 466 2264 diebus
494 2211 559 2279 post
580 2211 700 2264 mortem
717 2207 842 2263 Afneani
864 2223 936 2261 anno
966 2225 994 2277 p.
1013 2223 1040 2261 u.
1061 2223 1083 2262 e.
1104 2214 1169 2278 525,

159 2283 224 2334 ante
244 2281 306 2335 Chr.
325 2281 382 2334 nat.
410 2295 482 2333 anno
508 2286 571 2346 129,
593 2279 721 2334 habitum
740 2277 829 2347 fingit,
848 2277 1001 2348 praemisso
1019 2279 1169 2358 prooemio

159 2349 271 2404 Laelius
291 2350 380 2415 docet,
400 2350 468 2417 quid
487 2349 524 2402 sit
542 2348 674 2416 amicitia,
694 2348 794 2416 quibus
814 2349 848 2401 de
868 2347 957 2401 causis
977 2346 1061 2401 amrei
1080 2365 1168 2416 quae-

159 2421 269 2484 rantur,
288 2418 388 2488 quibus
407 2419 497 2474 causis
515 2418 641 2473 amicitia
659 2419 850 2486 contrahatur,
877 2417 978 2472 deinde
996 2417 1070 2471 inter
1094 2436 1167 2487 quos

160 2489 286 2545 amicitia
304 2505 363 2544 esee
382 2488 485 2559 possit,
504 2504 575 2557 quae
593 2489 631 2543 sit
648 2488 789 2543 amicitiae
808 2487 865 2555 lex,
885 2504 956 2557 quae
975 2487 1081 2559 officia,
1102 2492 1165 2558 qui·

160 2561 211 2615 bus
231 2560 350 2628 denique
368 2559 458 2613 modis
477 2561 612 2684 perpetuo
632 2561 818 2615 conservetur.

232 2629 350 2700 Scripsit
368 2631 461 2684 autem
501 2630 575 2685 icero
593 2631 666 2684 hunc
685 2629 813 2684 libellum
830 2631 897 2698 post
920 2628 1054 2684 Catonem
1077 2629 1169 2686 Maio·

160 2717 219 2756 rem
241 2704 278 2771 (v.
301 2699 384 2753 huius
410 2699 475 2753 libri
503 2717 562 2770 cap.
589 2703 683 2770 154)
702 2715 774 2754 enno
793 2699 851 2753 fere
870 2719 897 2770 p.
916 2717 942 2756 u.
963 2717 985 2753 c.
1007 2706 1071 2769 ⁵110,
1099 2703 1169 2756 ante

161 2788 244 2842 quam
261 2771 349 2825 libros
368 2769 402 2824 de
421 2770 521 2825 officiis
540 2770 706 2841 conscripsit
724 2770 799 2840 (vide
818 2769 866 2824 lib.
886 2771 911 2825 Π
931 2786 991 2839 cap.
1011 2777 1027 2825 9
1047 2775 1062 2836 5
1081 2773 1138 2841 31).

127 2994 144 3056 1

125 3071 140 3118 1
228 3019 263 3096 Q.
286 3008 537 3105 Mucius'augur
563 3021 667 3084 multe
694 3041 826 3085 namara
854 3020 892 3084 de
920 3017 954 3085 Ο.
978 3018 1088 3084 Laelio
1119 3043 1171 3087 eo·

161 3130 233 3174 cero
262 3130 320 3173 suo
347 3109 534 3173 memoriter
561 3112 594 3172 et
623 3108 759 3173 iucunde
782 3108 909 3173 solebat
936 3129 994 3172 neo
1018 3107 1171 3176 dubitare

161 3198 254 3261 illum
269 3197 405 3261 inomni
424 3218 570 3261 sermone
584 3197 749 3281 appellere
768 3196 961 3280 sapientem3
980 3215 1041 3280 ego
1057 3200 1171 3264 autem

162 3308 181 3349 a
204 3289 296 3370 patre
319 3285 367 3349 ita
386 3307 474 3349 eram
493 3284 646 3350 deductus
667 3284 707 3349 ad
723 3282 911 3349 Scaevolam
931 3287 1061 3368 sumpta
1079 3286 1172 3352 virili
1186 3302 1207 3343 ιο

162 3376 254 3458 toga,
277 3376 322 3457 ut,
346 3374 452 3457 quoad
474 3395 603 3458 possem
626 3376 659 3437 et
677 3372 797 3456 liceret,
817 3395 836 3437 a
855 3372 939 3436 senis
958 3373 1060 3436 latere
1078 3394 1173 3440 num-

162 3483 258 3545 quam
283 3461 490 3542 discederem
518 3461 628 3545 itaque
651 3461 755 3525 multa
778 3460 819 3524 ab
843 3481 880 3524 eo
904 3460 1081 3545 prudenter
1108 3463 1172 3527 dis-
