2430 3990
121 170 190 233 ’192
420 167 573 221 LAELIUS
592 166 640 220 DE
659 167 824 222 AMICITIA

125 331 305 414 deantur,
335 330 429 394 illos
461 351 590 395 verum
619 351 732 414 saepe
761 329 899 412 dicere,
931 329 1001 394 hos
1031 351 1134 394 num·

126 418 255 503 quam'
285 418 392 502 Atque
412 418 493 482 illud
513 418 696 501 absurdum,
716 417 800 500 quod
823 417 855 500 ii,
875 416 930 501 qui
952 422 1134 501 monentur,

125 529 196 571 eam
217 508 409 590 molestiam,
431 529 528 590 quam
548 506 666 571 debent
685 527 806 589 capere,
825 526 891 569 non
905 506 1048 590 capiunt,
1064 529 1134 570 eam

125 596 266 679 capiunt,
290 617 354 677 qua
377 594 494 658 debent
516 616 645 676 vacare3
668 614 817 677 peccasse
836 592 921 657 enim
943 615 977 657 se
996 617 1062 659 non
1083 617 1134 658 an·

126 687 255 768 guntur,
283 682 449 767 obiurgari
477 683 614 746 moleste
641 681 762 765 ferunt3
791 682 876 765 qnod
899 685 1013 747 contra
1042 697 1165 767 opor-⁵

125 772 227 853 tabat,
250 770 367 834 delicto
387 770 504 853 dolere,
528 769 725 834 correctione
749 770 896 855 gaudere.

71 839 116 903 25
192 857 240 922 Ut
262 858 363 943 igitur
387 862 420 922 et
443 879 572 922 monere
592 861 624 921 et
644 858 767 922 moneri
784 857 952 942 proprium
972 861 1134 923 estserae

73 916 106 965 91
127 947 288 1011 amicitiae
308 951 341 1011 et
360 947 498 1011 alterum
517 945 618 1010 libere
635 945 750 1027 facere,
768 966 834 1008 non
848 967 969 1029 aspere,
994 946 1134 1011 alterum

124 1037 287 1120 patienter
309 1035 460 1120 accipere,
482 1056 549 1099 non
567 1037 794 1119 repugnanter,
816 1033 861 1097 sic
880 1033 1065 1099 habendum
1085 1038 1135 1099 est

125 1125 250 1187 nullam
273 1124 307 1187 in
330 1123 482 1188 amicitiis
505 1126 630 1206 pestem
658 1143 728 1186 esse
751 1121 906 1186 maiorem
936 1144 1033 1205 quam
1060 1123 1166 1187 adu-1⁰

125 1212 297 1293 lationem,
324 1211 532 1293 blanditiam,
565 1209 835 1293 adsentationem,
868 1211 1016 1293 quamvis
1049 1211 1135 1275 enirn

126 1299 238 1363 multis
270 1298 454 1362 nominibus
488 1302 537 1361 est
568 1298 630 1363 hoc
659 1298 776 1362 vitium
805 1298 984 1362 notandum
1014 1299 1134 1363 levium

125 1387 293 1451 hominum
317 1390 413 1470 atque
441 1386 608 1450 fallacium
633 1385 674 1449 ad
702 1386 904 1451 voluntatem
933 1387 1134 1470 loquentium

74 1492 107 1542 92
127 1475 244 1558 omnia,
262 1475 345 1538 nihil
365 1474 404 1538 ad
423 1475 602 1539 veritatem.
636 1470 717 1537 Cum
737 1477 844 1537 autem
864 1475 1008 1538 omnium
1026 1497 1134 1540 rerum

127 1563 292 1628 simulatio
315 1563 434 1628 uitiosa
457 1566 507 1626 est
534 1559 637 1646 (tollit
660 1561 745 1626 enim
768 1561 921 1626 iudicium
944 1563 1012 1628 veri
1036 1563 1132 1648 idque
1145 1577 1166 1620 1⁶

127 1649 313 1736 adulterat),
332 1654 402 1715 tum
422 1650 583 1716 amicitiae
598 1653 760 1735 repugnat
774 1650 925 1733 maxime,
945 1650 1031 1715 delet
1049 1653 1134 1716 anim

126 1739 312 1822 veritatem,
343 1740 411 1802 sine
435 1762 498 1822 qua
520 1761 638 1804 nomen
661 1739 822 1804 amicitiae
847 1740 953 1804 valere
976 1760 1042 1803 non
1065 1744 1135 1824 pot

127 1831 184 1891 est.
225 1825 312 1891 Nam
336 1849 408 1891 cum
432 1827 593 1891 amicitiae
616 1827 665 1891 vis
689 1827 732 1890 sit
755 1827 789 1890 in
812 1848 859 1910 eo,
882 1831 919 1891 ut
937 1848 1021 1891 unus
1041 1828 1135 1912 quasi

128 1916 254 1979 animus
277 1915 336 1979 fiat
359 1936 397 1979 ex
420 1914 577 1999 pluribus,
601 1915 656 1997 qui
679 1915 712 1978 id
734 1914 805 1979 fieri
827 1915 961 1999 poterit,
985 1915 1013 1979 si
1035 1937 1078 1980 ne
1100 1917 1134 1980 in

128 2026 191 2068 uno
212 2004 339 2088 quidem
358 2024 486 2087 quoque
504 2024 586 2066 unus
606 2003 732 2066 animus
752 2002 813 2066 erit
831 2002 979 2086 idemque
998 2024 1134 2090 semper,
1146 2019 1170 2059 ¹⁰

75 2108 108 2156 93
129 2093 184 2156 sed
199 2093 318 2176 varius,
337 2091 587 2173 commutabilis,
606 2090 799 2174 multiplex?
823 2089 905 2165 Quid
920 2091 1006 2155 enim
1024 2097 1135 2177 potest

128 2203 197 2245 esse
220 2185 289 2245 tam
313 2180 462 2263 flexibile,
485 2183 554 2243 tam
574 2180 701 2243 devium
720 2201 817 2263 quam
836 2179 963 2243 animus
982 2179 1061 2260 eius,
1080 2182 1135 2265 qui

128 2268 168 2331 ad
201 2269 335 2332 alterius
368 2290 432 2332 non
465 2268 561 2332 modo
595 2289 723 2331 sensum
756 2288 792 2330 ac
824 2268 1041 2353 voluntatem,
1079 2270 1135 2334 sed

127 2355 226 2419 etiam
249 2355 376 2419 vultum
400 2358 497 2438 atque
520 2358 635 2417 nutum
659 2355 879 2418 convertitur?

172 2441 298 2528 Negat
313 2442 412 2526 quis,
425 2462 537 2527 neg03
556 2442 622 2525 ait,
641 2442 715 2524 ai03
733 2445 931 2525 postremo
944 2440 1135 2527 imperavi

731 2531 882 2615 egomet
906 2530 1000 2594 mihi
1147 2546 1169 2587 ¹⁵

173 2602 308 2683 Omnia
332 2617 543 2696 adsentari,

129 2710 167 2770 ut
190 2706 235 2769 ait
258 2705 343 2769 idem
367 2705 547 2788 Terentius,
570 2705 626 2770 sed
648 2706 705 2770 ille
728 2706 762 2770 in
784 2705 967 2772 Gnathonis
986 2729 1135 2791 persona,

75 2809 110 2858 94
130 2794 214 2878 quod
234 2793 328 2858 amici
348 2814 448 2879 genus
469 2794 620 2859 adhibere
639 2794 769 2859 omnino
784 2795 928 2860 levitatis
948 2799 1006 2858 est.
1036 2795 1135 2860 Multi

129 2886 236 2947 autem
252 2880 461 2947 Gnathonum
476 2882 598 2946 similes
613 2905 685 2947 cum
700 2884 766 2948 sint
781 2884 862 2967 loco,
885 2883 1027 2966 fortuna,
1044 2882 1135 2949 fama

129 2970 319 3054 superiores,
340 2970 458 3034 horum
481 2974 531 3034 est
554 2970 737 3036 adsentatio
756 2972 903 3054 molesta,
927 2993 998 3037 cum
1019 2971 1060 3035 ad
1078 2995 1134 3037 va
1147 2987 1170 3027 ⁸⁰

76 3075 109 3124 95
128 3059 266 3122 nitatem
294 3059 428 3122 accessit
460 3058 646 3123 auctoritas.
691 3057 819 3125 Secerni
852 3063 961 3124 autem
993 3059 1133 3125 blandus

129 3147 251 3210 amicus
275 3168 294 3209 a
315 3166 392 3210 vero
416 3149 449 3209 et
471 3146 647 3211 internosci
670 3152 738 3212 tam
761 3152 871 3233 potest
894 3146 1039 3212 adhiblta
1064 3148 1135 3212 dili·

129 3234 240 3319 gentia
264 3256 360 3317 quam
380 3234 488 3299 omnia
501 3234 612 3299 fucata
631 3239 663 3298 et
683 3236 835 3299 simulata
849 3259 868 3301 a
883 3235 1016 3299 sinceris
1036 3239 1134 3319 atque

128 3323 221 3387 veris.
267 3320 393 3406 ContIo,
417 3344 498 3406 quae
522 3345 560 3386 ex
583 3322 834 3407 imperitissimis
858 3327 1000 3405 constat,
1022 3327 1135 3389 tamen

128 3411 268 3475 iudicare
293 3410 391 3494 solet,
420 3411 496 3494 quid
523 3410 653 3476 intersit
683 3410 767 3474 inter
794 3412 999 3496 popularem,
1026 3410 1059 3474 id
1084 3415 1135 3477 est
1148 3427 1170 3469 ³⁸

129 3498 369 3564 adsentatorem
401 3503 434 3563 et
461 3499 564 3564 levem
595 3501 712 3581 civem,
744 3503 776 3562 et
807 3499 891 3563 inter
920 3503 1135 3574 constantem,
